3000 5084
801 339 844 403 34

236 530 279 590 ita
302 529 476 605 eveniebat,
498 531 532 588 ut
554 527 592 588 d'e
613 529 743 608 singulis
767 527 865 589 causis
887 527 1003 588 iudices
1025 528 1138 608 proprii
1166 529 1420 604 instituerentur,

237 637 308 708 tum,
330 635 364 692 ut
385 633 576 711 ligitantibus
592 633 844 693 convenientibus
865 631 969 691 iudicii
991 632 1160 711 imploratio
1183 633 1420 707 excluderetur,

237 737 271 797 ut
293 736 422 815 denique
445 736 534 796 certis
557 737 737 817 quibusdam
758 734 904 815 personis,
927 735 1121 814 principibus,
1144 735 1324 811 civitatibus,
1350 736 1420 815 pri.-

237 840 353 917 vilegia
374 840 412 900 de
434 859 495 899 nou
517 839 670 899 evocando
689 839 727 898 ad
743 838 826 916 regis
849 839 963 898 curiam
983 839 1193 898 tribuerentur.
1239 840 1420 910 Quaecon-

237 943 321 1018 silia,
344 963 436 1022 quum
457 943 538 1003 haud
559 960 684 1021 parvam
706 941 768 1009 vim
787 941 950 1001 habuerint
972 941 1010 1001 ad
1031 942 1265 1025 iurisdictionem
1280 942 1419 1002 iustitia
1478 1000 1479 1015 ,

238 1045 350 1106 riorum
370 1046 420 1105 hic
434 1045 575 1106 breviter
596 1045 772 1122 attingenda
792 1046 870 1104 sunt.
1017 1046 1020 1051 ’

323 1149 457 1209 Primum
485 1149 579 1225 igitur
607 1167 805 1226 quaecunque
827 1167 936 1208 causae
958 1149 997 1208 ad
1018 1167 1123 1228 pacem
1145 1149 1296 1227 publicam
1316 1148 1417 1227 perti-

237 1252 365 1326 nebant,
387 1251 537 1310 iudicibus
559 1251 688 1331 propriis
711 1252 887 1311 commissae
909 1254 986 1311 sunt.
1030 1251 1121 1320 Quod
1142 1248 1202 1310 iam
1223 1249 1416 1310 saecXHI.

238 1355 350 1414 sactum
378 1373 445 1414 esse
474 1352 599 1414 scimus:
629 1355 712 1434 pacis
740 1352 847 1414 foedus
869 1355 949 1415 civit.
973 1354 1071 1414 Rhen.
1095 1373 1120 1413 a.
1146 1354 1230 1416 1259
1256 1353 1417 1432 „Propter

239 1457 411 1536 questiones
433 1458 547 1531 tamen,
571 1477 629 1536 que
651 1459 711 1517 iam
732 1458 811 1517 iuter
831 1459 914 1537 pacis
936 1458 1037 1516 sedere
1059 1458 1229 1517 coniuratos
1251 1457 1416 1530 habentur,

239 1579 274 1620 ac
299 1559 435 1624 fortassis
458 1559 490 1619 in
517 1562 669 1640 posterum
698 1581 854 1643 emergere
882 1561 1079 1635 videbuntur,
1107 1579 1147 1619 ne
1176 1561 1214 1620 de
1236 1561 1297 1635 his,
1327 1559 1417 1638 quod

239 1663 330 1738 absit,
359 1681 440 1722 nunc
462 1666 514 1723 aut
543 1665 575 1723 in
597 1665 696 1724 futuro
720 1665 816 1724 fomes
838 1658 988 1724 discordie
1009 1664 1060 1724 vel
1083 1664 1144 1723 litis
1167 1649 1284 1723 occasio
1305 1663 1418 1722 valeat
1478 1742 1479 1745 Ἴ

239 1766 383 1842 suboriri,
411 1766 568 1834 inventum
590 1775 636 1827 est
665 1767 743 1828 circa
771 1749 829 1826 hoc
850 1767 1015 1827 remedium
1036 1748 1184 1839 salutar'e;
1218 1767 1299 1845 quod
1325 1765 1416 1826 vide-

239 1870 311 1930 licet
336 1871 369 1930 in
398 1870 539 1948 qualibet.
564 1871 687 1932 civitate
714 1871 767 1930 vel
797 1870 973 1948 aquolibet
996 1869 1114 1930 domino
1136 1870 1223 1929 nobis
1246 1868 1416 1940 coniurato,

239 1975 368 2052 quatuor
389 1973 448 2033 viri
469 1973 529 2033 fide
558 1974 642 2051 digni
672 1974 801 2033 adiurati
828 1993 919 2052 super
948 1973 1006 2032 hoc
1034 1973 1201 2050 eligantur,
1229 1973 1280 2050 qui
1309 1974 1416 2031 aucto-

239 2077 328 2137 ritate
349 2077 441 2155 plena
462 2076 536 2155 ipsis
551 2095 641 2154 super
663 2077 720 2135 hoc
742 2077 859 2151 tradita,
883 2077 939 2135 sub
955 2076 1055 2135 debito
1074 2075 1234 2135 iuramenti
1249 2076 1416 2134 universas
1478 2102 1479 2105 ¹

240 2179 413 2257 questiones
447 2197 502 2257 per
538 2179 726 2238 amicabilem
761 2179 1006 2257 compositionem
1032 2178 1084 2239 vel
1112 2198 1166 2256 per
1186 2179 1329 2238 iustitiam
1350 2180 1417 2236 ter·
1478 2256 1479 2259 Ἴ

240 2282 436 2354 minabunt“;
466 2279 626 2341 Wilhelmi
649 2281 730 2359 regis
753 2281 938 2341 confirmatio
961 2283 1127 2340 conventus
1140 2279 1417 2360 Oppenheimensis
1478 2298 1479 2361 p

242 2403 266 2445 a.
293 2383 390 2446 1255:
419 2383 471 2458 „si
500 2385 600 2443 autem
627 2372 746 2444 nobiles
775 2386 806 2452 et
828 2384 939 2444 domini
968 2383 1094 2464 predicti
1116 2403 1170 2462 per
1192 2385 1328 2444 civitates
1351 2384 1417 2455 sibi
1478 2366 1479 2369 Ἴ

241 2488 343 2547 illatas
364 2486 489 2546 iniurias
513 2490 733 2565 conquerantur
755 2525 798 2534 -
820 2507 920 2547 coram
941 2487 1045 2561 nobis,
1074 2487 1125 2547 uel
1153 2485 1210 2546 Ad.
1234 2487 1342 2548 comite
1371 2487 1418 2547 de
1478 2508 1479 2551 3

243 2589 394 2650 Waldeke
422 2592 523 2649 nostro
551 2589 710 2650 iustitiario
734 2594 786 2651 aut
804 2638 810 2650 .
830 2637 837 2650 .
857 2638 887 2650 ..
917 2591 1043 2650 sculteto
1066 2575 1315 2669 Boperdiensi...
1338 2603 1417 2645 suas
1478 2634 1479 2637 η

241 2693 366 2753 iniurias
387 2694 468 2753 recto
491 2693 600 2753 iudicio
624 2694 654 2752 et
675 2713 729 2773 per
745 2695 856 2757 iustam
873 2694 1052 2753 sententiam
1068 2686 1294 2773 prosequentur.
1330 2687 1417 2750 civi·
1478 2756 1479 2759 Ἴ

161 2781 165 2791 Ι
241 2799 319 2856 tates
343 2796 432 2856 etiam
455 2798 485 2855 et
507 2796 596 2875 opida
617 2789 741 2856 iniurias
764 2815 834 2857 suas
857 2834 912 2871 -,
936 2786 1013 2856 sicdt
1033 2795 1211 2875 premissum
1231 2794 1286 2868 est,
1309 2809 1417 2851 coram

243 2899 330 2959 nobis
352 2899 403 2961 vel
423 2899 491 2958 aliis
512 2901 771 2978 prosequentur“;
795 2901 845 2959 ch.
870 2900 1030 2960 conventio
1054 2900 1091 2959 de
1113 2901 1187 2978 pace
1208 2896 1358 2956 servanda
1379 2893 1418 2952 in

243 3001 355 3063 Suevia
378 3003 407 3061 et
429 3001 560 3062 Bouaria
583 3021 607 3062 a.
635 3003 717 3066 1282
739 3004 770 3062 et
791 3003 847 3078 86,
877 3002 981 3062 Adolfi
1002 3003 1083 3080 regis
1106 3001 1271 3062 sententiae
1293 3016 1417 3059 conser-

170 3123 172 3126 ·
243 3108 380 3166 vatorum
415 3107 500 3185 pacis
528 3105 561 3164 in
591 3105 759 3184 Thuringia
788 3105 972 3184 confirmatio
1002 3124 1027 3165 a.
1053 3106 1151 3179 1296,
1180 3102 1300 3164 Alberti
1318 3099 1417 3178 ,regis

245 3210 349 3269 constt.
373 3209 455 3288 pacis
484 3209 523 3268 ad
544 3209 685 3268 Rhenum
708 3212 738 3268 et
759 3209 791 3269 in
812 3207 997 3285 sueviae),
1019 3209 1132 3287 atalia
1153 3207 1302 3286 permulta
1322 3205 1417 3263 docu-

244 3318 345 3371 menta
373 3311 561 3390 insequentis
589 3313 731 3391 temporis
747 3311 796 3389 33).
847 3311 906 3371 His
941 3312 1024 3390 pacis
1054 3305 1333 3371 conservatoribus
1349 3323 1418 3386 pax

245 3415 409 3475 communis
433 3416 638 3477 conservanda
660 3418 749 3494 atque
771 3415 885 3474 iustitia
907 3413 1124 3492 disciplinaque
1146 3413 1177 3471 in
1199 3413 1262 3471 illis
1282 3409 1417 3488 regioni-

244 3519 317 3593 bus,
339 3519 447 3618 quibus
471 3519 598 3598 quisque
614 3518 790 3598 ¹praefectus
813 3520 892 3606 erat,
914 3516 1026 3576 tuenda
1048 3498 1146 3590 erant,
1169 3516 1250 3593 quod
1271 3533 1330 3592 quo
1351 3531 1416 3571 me-

119 3613 126 3617 ’
244 3621 304 3680 lius
326 3624 539 3702 perpetrarent,
563 3621 747 3704 amplissima
760 3620 925 3681 iurisdictio
948 3620 986 3680 iis
1009 3618 1168 3679 commissa
1190 3620 1236 3676 est
1251 3615 1299 3690 34),
1322 3633 1417 3689 quam

333 3915 385 3991 32)
420 3919 528 3974 Perta
551 3919 593 3987 11,
617 3918 694 3984 368,
717 3916 795 3985 375,
815 3918 893 3984 442,
915 3918 972 3986 46,
996 3918 1052 3984 64,
1076 3915 1131 3983 75,
1155 3914 1204 3972 88.
1321 3954 1323 3957 -

334 4002 387 4078 33)
420 4005 519 4060 Datt:
542 4023 610 4073 pp.
623 4005 713 4070 lib.I,
734 4021 796 4073 cap.
809 4003 959 4072 28-31,
980 4021 1008 4073 p.
1024 4003 1084 4060 133
1097 4018 1158 4072 sqq.
1372 3997 1380 4004 ⁸

283 4135 284 4138 κ
334 4089 386 4163 34)
420 4121 485 4160 ‚,—
509 4085 610 4143 cuncta
632 4095 733 4160 agant,
755 4089 914 4165 faciantlet
937 4090 1080 4156 ordinent,
1094 4106 1158 4158 vque
1180 4104 1232 4157 pro
1254 4099 1326 4155 paca
1349 4088 1414 4135 sunt

248 4179 406 4233 necessaria
417 4183 445 4230 et
456 4176 545 4242 utilia,
564 4191 646 4246 super
661 4175 763 4244 quibus
774 4175 843 4244 ipsis
853 4175 966 4250 plenam
978 4176 1177 4230 authoritatem
1187 4168 1412 4228 committimus“:

247 4263 354 4318 Perta
377 4265 413 4331 ΙΙ,
436 4264 507 4330 442,
531 4263 588 4330 46;
607 4293 665 4331 ,‚-·-
680 4280 707 4314 es
717 4263 744 4314 ai
753 4264 829 4315 ambe
841 4263 958 4331 totclcpq
973 4265 1134 4331 ambercab,
1151 4263 1228 4315 ambe
1239 4261 1327 4323 tract,
1339 4255 1413 4307 curba

247 4351 428 4418 prasenqoiace,
450 4350 509 4402 aad
529 4350 590 4401 amb
613 4351 700 4402 ander
714 4351 876 4417 scete,·dic
896 4368 960 4403 maa
981 4352 1034 4402 don
1056 4369 1109 4405 car
1125 4349 1184 4415 leit,
1207 4346 1252 4399 die
1274 4345 1340 4414 aher
1362 4343 1412 4393 den
