3000 5084
656 353 696 416 31

83 535 333 602 bimusiust‘tiae
345 543 614 622 complementum“
622 534 671 619 ³⁷).
698 541 801 603 Simili
811 543 900 603 modo
914 541 1061 602 Albertus
1073 540 1097 600 l.
1121 561 1185 616 „ex
1196 560 1262 622 spe-

83 645 162 706 ciali
174 645 297 731 gratia“
317 643 501 706 Wiehboldo
514 645 737 726 archiepiscopo
751 646 913 706 concessit:
935 645 1105 720 „utnullus
1127 645 1211 705 cives
1233 645 1263 703 et

85 749 256 829 oppidanos
281 748 487 826 (Coloniensis
508 749 801 829 archiepiscopatus)
830 749 869 809 ad
891 767 1021 810 examen
1042 767 1097 808 seu
1119 748 1263 808 iudicium

85 835 193 912 curiae
213 855 336 914 nostrae
350 873 406 932 per
423 855 556 914 nostram
573 852 718 913 iustitiam
734 854 786 913 vel
798 852 900 912 curiae
911 854 1032 912 nostrae
1052 851 1151 912 edicta
1160 853 1263 931 posset

84 973 220 1016 evocare
242 958 272 1016 et
293 957 332 1016 ad
353 958 488 1016 nostrum
513 955 657 1017 iudicium
686 955 856 1029 detrahere,
884 975 940 1016 nec
967 955 1079 1015 ibidem
1103 956 1264 1014 teneantur
1368 941 1383 956 ⁵

86 1077 264 1139 comparere
292 1060 435 1138 quamdiu
463 1060 497 1120 tu
528 1059 694 1140 (archiep.)
717 1060 768 1120 vel
795 1059 917 1120 officiati
944 1059 988 1118 tui
1011 1057 1263 1137 conquerentibus
1327 1097 1335 1113 r

84 1162 142 1222 vel
172 1163 314 1242 conqueri
341 1163 514 1223 volentibus
540 1163 638 1243 parati
670 1162 804 1238 fueritis,
837 1161 980 1222 iustitiam
1012 1163 1111 1222 lacere
1140 1160 1263 1239 expedi-

84 1269 179 1324 tam“
192 1265 240 1343 4⁸).
297 1265 339 1329 Ut
355 1265 469 1345 gratias
487 1267 614 1326 referret
632 1265 1012 1344 civibusVillingensibus,
1030 1264 1081 1344 qui
1100 1263 1211 1344 optime
1225 1263 1263 1322 de

86 1387 127 1428 eo
151 1371 323 1428 meruerant
343 1369 375 1428 in
398 1387 488 1429 causa
515 1373 619 1429 conus
641 1367 850 1428 Eberhardum
876 1368 1015 1429 comitem
1037 1366 1262 1445 Wirtemberg,

85 1471 243 1531 Henrious
265 1471 338 1531 VH.
368 1471 486 1532 civibus
512 1471 575 1532 illis
589 1471 640 1549 ⁴⁹),
669 1477 721 1547 et,
747 1471 910 1550 „precibus
939 1470 1121 1546 instantibus
1148 1488 1263 1551 permo

85 1580 139 1634 tus
149 1579 174 1650 “‚
197 1575 297 1635 comiti
318 1575 469 1636 Reinaldo
493 1572 617 1636 Gelriae
639 1574 705 1635 iura
727 1593 765 1634 ea
785 1575 954 1653 singularia
981 1572 1161 1651 contulit⁶⁰)
1204 1572 1263 1632 Lu-

86 1677 217 1738 dovieus
246 1677 384 1740 Bararus
413 1678 575 1758 privilegia
603 1679 640 1738 de
666 1695 727 1738 non
757 1678 910 1738 evocando
938 1680 1003 1738 tum
1035 1678 1078 1738 ita
1106 1677 1262 1751 concessit,
1324 1732 1328 1744 ,

85 1781 124 1840 ut
154 1785 258 1842 contra
279 1781 393 1842 curiam
413 1800 475 1842 non
496 1782 634 1844 valerent
650 1780 700 1860 51),
728 1783 793 1841 tum
814 1783 858 1842 ita
877 1783 912 1840 ut
932 1780 1118 1861 privilegiati
1142 1780 1263 1841 omnino

85 1882 217 1962 noum),
244 1889 308 1945 tum
336 1885 379 1946 ita
393 1885 440 1945 nt
467 1867 528 1945 nou
555 1903 609 1965 per
635 1883 829 1946 iustitiarium
851 1885 967 1957 curiae,
1001 1884 1056 1944 sed
1086 1903 1141 1964 per
1172 1883 1263 1964 impe

86 1990 222 2048 retorem
243 1985 391 2071 ipsum⁵³)
414 1989 454 2049 ad
470 1987 613 2048 iudicium
634 1988 752 2067 regium
774 1988 877 2048 vocari
899 1989 1030 2068 possent.
1075 1985 1183 2048 Carolo
1206 1985 1262 2045 IV.

86 2110 174 2152 vero.
187 2093 333 2169 regnante
353 2091 428 2152 haec
450 2091 550 2151 omnia
570 2092 684 2152 mutata
705 2094 783 2151 sunt.
828 2091 931 2162 Quum
952 2091 1032 2152 enim
1048 2109 1144 2169 usque
1166 2089 1263 2148 adhuc

87 2194 205 2272 singuli
226 2195 343 2254 tantrm
364 2194 515 2276 principes
538 2195 589 2255 vel
607 2194 744 2254 civitates
763 2195 958 2273 generalibus
975 2195 1014 2254 de
1031 2213 1091 2254 nou
1109 2193 1262 2254 evocando

83 2296 261 2378 privilegiis
290 2299 387 2358 ornati
416 2299 531 2374 essent,
559 2303 631 2358 tunc
658 2298 803 2378 temporis
829 2299 926 2378 primo
956 2298 1094 2358 omnibus
1127 2296 1263 2357 electori-

91 2401 149 2460 bus
178 2419 353 2461 conoessum
382 2403 443 2476 est,
472 2402 529 2477 „ut
556 2401 634 2461 nulli
663 2401 786 2461 comites
792 2448 995 2476 .........
1018 2401 1122 2460 nullae
1143 2419 1264 2481 quoque

90 2519 263 2584 personae,
283 2503 411 2564 subiecti
437 2505 490 2564 vel
516 2503 668 2564 subiectae
684 2503 791 2580 ·(eis),
822 2504 1025 2584 cuiuscunque
1053 2505 1165 2580 status,
1195 2496 1263 2592 copi·

8 2631 9 2634 ¹
91 2606 214 2667 ditionis
250 2607 299 2666 vel
333 2605 487 2686 dignitatis
520 2607 667 2681 existant,
708 2607 746 2667 ad
779 2607 983 2687 cuiuscunque
1011 2606 1120 2668 actoris
1152 2606 1263 2668 instan-

92 2710 180 2784 tiam,
203 2714 290 2772 extra
310 2709 493 2771 territorium
510 2746 549 2756 -
569 2711 607 2770 ad
629 2710 829 2790 quodcunque
851 2712 935 2773 aliud
954 2710 1140 2771 tribunal-
1160 2710 1263 2769 vocari

180 2902 234 2977 47)
267 2905 432 2977 Moguntiae
448 2905 543 2962 1285:
566 2905 710 2976 Luenig
731 2923 754 2957 r.
766 2923 792 2959 a.
805 2904 883 2971 XIV,
904 2905 981 2971 4723
1004 2903 1184 2965 Bochmer
1204 2921 1263 2976 reg.

90 3007 133 3044 nr.
146 2991 317 3050 826-28.

180 3075 233 3148 48)
268 3075 402 3133 Coloniae
418 3078 517 3135 1298:
539 3078 677 3150 Luenig
699 3078 717 3131 l.
736 3095 760 3131 c.
773 3078 851 3144 XVI,
873 3077 935 3134 332
955 3083 984 3131 et
1001 3083 1069 3131 extr.
1088 3093 1132 3147 ap.
1149 3077 1263 3131 Boch-

91 3179 162 3216 mer
183 3179 241 3234 reg.
264 3165 366 3222 rir.15.

182 3245 235 3322 49)
270 3249 344 3304 Ante
366 3251 490 3305 Brixiam
516 3252 612 3308 1311:
635 3267 693 3322 reg.
715 3250 842 3309 nr.654.

180 3331 234 3406 50)
267 3336 347 3405 „Nos
369 3337 509 3391 Henricus
527 3365 561 3376 -—
579 3335 740 3390 hominibus
762 3337 791 3390 in
814 3336 875 3390 eius
895 3341 972 3390 terra
994 3341 1023 3390 et
1045 3336 1156 3408 oppidis
1178 3353 1264 3408 agen·

92 3419 168 3474 tibus
197 3421 271 3476 hane
299 3423 417 3494 gratiam
448 3424 484 3478 de
513 3421 688 3495 benignitate
706 3423 798 3496 regia
827 3423 940 3477 duxisse
965 3423 1140 3489 faciendam,
1168 3426 1200 3476 ut
1227 3422 1263 3476 ad
1332 3439 1338 3443 ·

93 3505 197 3560 nullius
218 3508 380 3564 instantium
403 3510 440 3564 ad
461 3508 595 3564 iudicium
618 3509 694 3564 curie
717 3515 813 3564 nostre
831 3509 955 3563 debeant
973 3509 1085 3564 evocari
1101 3526 1154 3563 nec
1170 3525 1264 3563 coram

93 3591 186 3649 iudice
210 3595 333 3649 eiusdem
356 3596 433 3650 curie
456 3599 531 3650 stare
553 3595 621 3664 iuri,
643 3595 698 3650 nisi
719 3595 957 3666 conquerentibus
973 3611 1025 3665 per
1043 3596 1163 3650 eundem
1181 3595 1264 3650 comi-

94 3684 149 3732 tem
171 3680 216 3734 vel
238 3697 290 3751 per
312 3679 372 3736 eius
394 3681 501 3738 iudices
522 3682 630 3736 iustitia
651 3681 737 3736 fuerit
760 3682 925 3754 denegata.“
981 3680 1080 3752 Spirae
1103 3683 1187 3742 1310
1217 3698 1263 3751 ap.

94 3766 255 3840 Luenig:
278 3768 340 3822 cod.
364 3766 459 3823 Germ.
480 3768 525 3838 Π,
549 3768 649 3838 1762;
673 3773 741 3822 extr.
756 3785 801 3838 ap.
823 3768 1006 3821 Boehmer
1027 3785 1087 3840 reg.
1111 3768 1183 3827 301.

180 3851 232 3925 51)
266 3853 361 3908 Priril.
384 3854 469 3925 episc.
491 3852 689 3910 Eichstadensi
711 3869 890 3909 concessum:
920 3870 1006 3924 supra
1027 3873 1055 3908 n.
1078 3853 1128 3912 45.

181 3937 232 4011 52)
267 3930 362 3993 privii.
391 3939 515 4012 archiep.
546 3939 707 4016 Trerirensi
740 3957 905 3996 concessum
938 3939 1072 3994 Coloniae
1107 3957 1132 3994 a.
1164 3940 1263 3998 1314:

94 4023 193 4091 „Quod
215 4026 322 4080 nullum
345 4042 378 4080 ex
399 4026 542 4099 premissis
563 4057 606 4067 -
630 4021 773 4096 (nobiles,
802 4025 918 4095 vasalli,
948 4030 1120 4093 castrenses,
1142 4024 1265 4078 ministe-

94 4109 191 4178 riales,
221 4111 296 4167 cives
326 4118 379 4168 ete.
396 4110 455 4184 νε)
479 4113 515 4166 ad
538 4112 672 4168 iudicium
699 4113 900 4167 curienostre
922 4111 1101 4166 evocabimus
1122 4127 1176 4166 nec
1202 4126 1266 4165 evo·

95 4196 152 4250 cari
163 4197 363 4269 permittemus,
376 4198 508 4268 quamdiu
519 4198 747 4270 archiepiscopus
758 4204 875 4270 paratus
884 4198 977 4265 fuerit,
991 4198 1086 4253 facere
1098 4197 1265 4268 querelanti-

95 4282 146 4337 bus
165 4285 199 4338 de
212 4283 253 4340 eis
269 4275 393 4340 iustitiae
406 4284 663 4356 complementum.“
686 4283 736 4338 Gn
745 4285 888 4354 enther,
910 4285 973 4340 cod.
984 4284 1053 4354 dipl.
1065 4285 1149 4352 ills,
1160 4303 1201 4339 nr.
1215 4285 1264 4342 61.

139 4412 142 4419 -
180 4369 232 4441 53)
256 4371 433 4443 Rescriptum
445 4370 552 4426 civibus
560 4371 818 4443 Bambergensibus
830 4372 945 4428 missum
957 4389 983 4426 a.
993 4373 1076 4432 1333
1086 4391 1093 4424 =
1105 4388 1163 4443 reg.
1173 4371 1265 4430 2768.
