3000 5084
651 473 684 514 XI

6 685 7 718 3
90 642 176 714 Quae
206 662 280 706 vero
305 614 474 708 necessitas
503 639 658 704 Friderico
681 640 723 701 II.
753 659 827 720 rege
855 657 1106 719 quamunqnam
1132 637 1258 718 gincius

85 783 199 848 urgens
228 747 335 840 effecit,
363 765 403 824 ut.
419 763 459 822 in-
472 756 687 834 constitutione
706 761 791 842 pacis
812 759 938 824 21235
958 760 1069 820 emissa
1090 759 1182 820 etiam
1201 759 1259 820 hac

1 929 6 934 -
89 883 127 944 de
154 903 189 944 re
216 884 437 958 decerneretur,
467 885 650 963 quapropter
671 882 710 942 de
731 875 932 944 Germanicae
958 879 1143 961 reipublicae
1169 870 1259 955 statu,

5 1048 10 1084 3
89 1003 141 1083 qui
161 1004 224 1064 -sub
246 1003 381 1064 Hernico
409 1023 497 1082 rege,
526 1001 677 1073 Friderici,
691 1001 734 1062 II.
764 1001 842 1078 filio,
872 1001 978 1076 inerit,
1006 1000 1142 1061 breviter
1168 1017 1260 1080 agen-

5 1171 7 1173 .
89 1123 161 1184 dum
182 1125 237 1184 est.

3 1222 10 1324 ’ἢ
176 1241 282 1324 Capite
299 1244 431 1305 secundo
443 1237 746 1334 primunrrimctqne
757 1242 891 1304 indolem
901 1241 1123 1304 constitutionis
1134 1239 1205 1304 XV.
1218 1239 1263 1303 le·
1343 1228 1349 1239 ’

6 1425 8 1444 1
89 1364 138 1445 gis
155 1363 354 1444 Mogontinee
372 1365 507 1426 statuere
521 1383 643 1446 operam
663 1361 733 1424 dedi
748 1366 848 1444 atque,
870 1383 949 1444 quae
962 1364 1079 1424 multae
1092 1364 1261 1437 occurrunt,

1 1535 3 1537 ,
89 1485 293 1546 dubitationes
321 1485 484 1546 iilustrare
528 1484 647 1546 Deinde
674 1485 713 1546 de
740 1485 810 1546 loco
838 1492 869 1546 et
894 1488 1030 1567 tempore
1054 1483 1173 1564 agitur,
1201 1501 1262 1564 qno

1 1656 11 1687 ‚
90 1604 253 1671 innuen-r,
265 1605 314 1666 rus
336 1605 438 1666 uere
458 1600 604 1680 solebant,
626 1605 666 1666 ae
687 1577 893 1667 ternam
915 1623 1019 1667 eorum
1041 1606 1072 1665 e
1093 1604 1194 1666 muso
1210 1622 1263 1665 ex-

90 1725 207 1806 emptis,
221 1742 222 1746 κ
235 1719 368 1805 ‘sanique
389 1725 428 1786 ro
448 1695 586 1806 personis
607 1725 711 1786 iunior
734 1714 837 1786 -ae
856 1727 1029 1802 institorio,
1057 1724 1096 1785 ue
1116 1723 1189 1801 rus,
1211 1724 1263 1804 qur

1 1925 2 1928 Ἴ
89 1846 228 1908 ferebant
256 1821 451 1921 sententicm,
481 1846 519 1905 de
545 1845 663 1906 notario
692 1845 802 1906 curiae
846 1845 916 1917 Quo
944 1846 1023 1926 iacto
1045 1844 1121 1905 ratio
1144 1845 1264 1924 agendi,

1 1945 3 1948 ¹
91 1985 172 2046 quae
193 1967 226 2028 in
248 1967 351 2028 curiae
371 1957 483 2027 iudicio
504 1965 537 2026 in
558 1984 617 2047 usu
639 1967 711 2039 erat,
741 1965 911 2047 exponitur,
934 1969 1082 2046 quatenus
1104 1966 1190 2044 leges
1210 1966 1264 2026 im-

2 2134 7 2167 3
89 2057 168 2168 perii
196 2106 252 2148 sen
279 2087 460 2149 decimenta
484 2087 626 2146 referunt
654 2085 759 2169 ‘Quae
788 2087 869 2147 enim
896 2086 961 2146 litis
982 2088 1084 2166 partes
1105 2085 1181 2147 haee
1199 2103 1264 2146 non

1 2251 9 2290 3
90 2205 274 2284 describunt,
302 2207 455 2268 illustrare
483 2207 607 2268 conatus
628 2224 690 2266 non
712 2225 787 2267 surn
830 2176 939 2287 Neque
960 2206 1040 2267 enim
1061 2209 1182 2286 praeter
1202 2224 1265 2282 eos,

2 2374 8 2409 3
90 2345 169 2407 quos
198 2327 288 2388 modo
319 2327 399 2403 dixi,
432 2326 490 2388 ulli
521 2333 594 2388 sunt
624 2327 723 2388 fontes
756 2328 838 2388 unde
868 2327 945 2388 iuris
975 2327 1097 2388 fficundi
1129 2345 1267 2405 ususque

1 2472 9 2530 j
90 2448 224 2512 sorensis
252 2449 350 2512 dorma
376 2447 410 2507 in·
430 2446 544 2508 iudicio
563 2447 666 2508 curiae
687 2444 810 2540 recepta
830 2447 972 2528 cognosci
992 2448 1103 2529 possit3
1137 2446 1190 2527 qui
1211 2445 1265 2508 nbi

90 2566 183 2630 nobis
202 2565 480 2644 ,coadunandum
506 2549 633 2630 materia
652 2569 774 2629 omnino
796 2569 896 2645 deest,
917 2586 979 2648 qna
999 2566 1204 2645 coniecturae,
1226 2566 1267 2627 ad

2 2737 9 2771 3,
91 2705 170 2768 quas
191 2687 317 2754 forsitan
339 2688 408 2768 quis
428 2689 602 2765 adducatur,
624 2687 699 2749 satis
719 2690 907 2772 comprobari
928 2688 1053 2769 possint
1097 2685 1159 2749 Sed
1172 2707 1266 2767 quum

91 2807 244 2868 coniicere
265 2808 364 2885 liceat,
393 2810 562 2890 praecepta,
584 2827 662 2888 quae
684 2809 723 2869 de
745 2805 851 2869 ordine
872 2807 1051 2869 iudiciorum
1072 2808 1105 2868 in
1126 2808 1267 2896 omnibus
1353 2796 1368 2900 x*

2 2982 7 2995 ,
93 2925 277 2990 Germaniae
303 2927 423 2990 iudiciis
449 2929 549 2990 locum
576 2927 751 3006 habuerint,
781 2927 872 2989 etiam
898 2927 931 2989 in
957 2928 1068 2991 iudicio
1091 2929 1193 2990 culiae
1214 2947 1265 2991 va

92 3047 200 3124 luisse,
229 3067 273 3125 ee,
301 3049 439 3128 quaeda
460 3048 518 3126 hoc
538 3021 649 3110 iudicio
670 3049 837 3124 traduntur,
859 3037 898 3110 e'x
920 3049 984 3111 illis
1003 3049 1174 3130 praeceptis
1195 3068 1266 3129 sup·

90 3168 205 3249 plenda
226 3170 304 3230 sunt.
349 3168 403 3242 Sin
425 3188 498 3231 vero
517 3169 612 3230 maior
634 3179 778 3232 numerus
802 3169 1018 3230 sententiarum
1039 3169 1142 3230 iudicii
1163 3169 1266 3244 curiae

91 3288 234 3368 cognitus
261 3290 356 3366 esset,
383 3289 512 3361 fortasse
531 3289 741 3368 confingeret,
770 3291 804 3350 nt
822 3289 966 3378 singulae
987 3308 1146 3370 processus
1166 3293 1268 3370 partes

91 3407 264 3470 accuratius
287 3411 523 3490 exponerentur,
546 3394 635 3490 quam
652 3409 698 3486 iis,
721 3427 800 3490 ques
816 3409 905 3472 nobis
925 3382 1045 3492 praesto
1068 3411 1163 3486 erant,
1185 3410 1268 3471 adbi-

89 3528 166 3589 bitis
187 3547 267 3590 nunc
287 3530 399 3590 factum
419 3532 473 3592 eet

146 3681 148 3684 ·
182 3646 288 3731 Capite
316 3649 446 3728 denique
473 3617 563 3711 tertio
591 3649 718 3710 historia
742 3619 971 3742 iustitiariorum
999 3648 1101 3711 curiae
1130 3649 1202 3711 inde
1228 3652 1267 3712 ab

1 3809 2 3816 κ
89 3787 120 3830 a.
148 3767 232 3833 1235
269 3787 365 3849 usque
397 3770 436 3830 ad
464 3789 489 3832 a
512 3769 595 3834 1400
630 3769 817 3830 describitur.
869 3769 979 3841 ,Quum
1005 3769 1078 3831 licet
1106 3790 1202 3850 usque
1229 3772 1269 3832 ad

87 3887 198 3950 indicii
219 3907 355 3951 camerae
376 3885 493 3970 imperii
515 3889 733 3950 institutionem
754 3890 920 3972 perducere
940 3889 1014 3950 mihi
1031 3891 1268 3972 proposuissem,

88 4012 204 4084 tamen,
226 4027 265 4070 ne
287 4010 368 4072 ultra
388 4010 509 4080 modum
530 4010 720 4072 academicae
742 4010 1002 4093 commentationis
1025 4004 1197 4089 egrederer,
1218 4030 1268 4070 ue

88 4147 155 4210 qne
182 4129 221 4217 ed
248 4129 326 4190 illud
353 4129 496 4211 temporis
523 4133 706 4192 momentum
733 4129 796 4191 alio
816 4131 884 4192 loco
912 4135 1107 4223 temporeque
1127 4131 1269 4211 persequi

89 4248 266 4343 constitui
290 4247 399 4312 Omnia
420 4269 494 4311 uero
517 4251 705 4329 documenta,
733 4251 766 4311 in
788 4252 898 4332 quibus
919 4246 1147 4312 iustitiariorum
1168 4250 1270 4315 curiae

85 4369 207 4433 mentio
223 4369 267 4447 iit,
289 4370 425 4432 adhibita
433 4371 525 4451 atque
536 4389 581 4448 ca,
601 4391 679 4453 quae
696 4372 735 4433 ad
750 4391 840 4461 usum
856 4373 1010 4434 forensem
1026 4366 1269 4456 cognoscendum

87 4489 230 4554 cuiusvis
249 4490 395 4554 momenti
421 4509 490 4552 esse
510 4489 692 4556 videbantur
713 4493 765 4554 vel
793 4491 914 4573 integra
934 4492 986 4554 vel
1007 4509 1048 4554 ex
1069 4499 1155 4573 purte
1176 4493 1270 4555 allata
