<?xml version="1.0" encoding="UTF-8"?>
<!DOCTYPE html PUBLIC "-//W3C//DTD XHTML 1.0 Transitional//EN"
    "http://www.w3.org/TR/xhtml1/DTD/xhtml1-transitional.dtd">
<html xmlns="http://www.w3.org/1999/xhtml" xml:lang="en" lang="en">
 <head>
  <title>
</title>
<meta http-equiv="Content-Type" content="text/html;charset=utf-8" />
  <meta name='ocr-system' content='tesseract 3.04.00' />
  <meta name='ocr-capabilities' content='ocr_page ocr_carea ocr_par ocr_line ocrx_word'/>
</head>
<body>
  <div class='ocr_page' id='page_1' title='image "./deiustitiariisc00frangoog_0119.png"; bbox 0 0 3000 5084; ppageno 0'>
   <div class='ocr_carea' id='block_1_1' title="bbox 1283 368 1403 426">
    <p class='ocr_par' dir='ltr' id='par_1_1' title="bbox 1283 368 1403 426">
     <span class='ocr_line' id='line_1_1' title="bbox 1283 368 1403 426; baseline 0 0"><span class='ocrx_word' id='word_1_1' title='bbox 1283 368 1403 426; x_wconf 67' lang='lat' dir='ltr'><strong>luci</strong></span> 
     </span>
    </p>
   </div>
   <div class='ocr_carea' id='block_1_2' title="bbox 1134 451 1549 460">
    <p class='ocr_par' dir='ltr' id='par_1_2' title="bbox 1134 451 1549 460">
     <span class='ocr_line' id='line_1_2' title="bbox 1134 451 1549 460; baseline 0 4624"><span class='ocrx_word' id='word_1_2' title='bbox 1134 451 1549 460; x_wconf 95' lang='lat' dir='ltr'><strong> </strong></span> 
     </span>
    </p>
   </div>
   <div class='ocr_carea' id='block_1_3' title="bbox 172 553 2511 1770">
    <p class='ocr_par' dir='ltr' id='par_1_3' title="bbox 172 553 2511 1770">
     <span class='ocr_line' id='line_1_3' title="bbox 180 553 2508 634; baseline -0.003 -16"><span class='ocrx_word' id='word_1_3' title='bbox 180 577 249 618; x_wconf 88' lang='lat' dir='ltr'><strong>m.</strong></span> <span class='ocrx_word' id='word_1_4' title='bbox 307 557 468 617; x_wconf 93' lang='lat' dir='ltr'><strong>Iulio</strong></span> <span class='ocrx_word' id='word_1_5' title='bbox 526 557 590 616; x_wconf 90' lang='lat' dir='ltr'><strong>in</strong></span> <span class='ocrx_word' id='word_1_6' title='bbox 644 555 901 616; x_wconf 88' lang='lat' dir='ltr'><strong>comitiis</strong></span> <span class='ocrx_word' id='word_1_7' title='bbox 955 553 1337 619; x_wconf 84' lang='lat' dir='ltr'><strong>Francofurti</strong></span> <span class='ocrx_word' id='word_1_8' title='bbox 1394 553 1646 629; x_wconf 87' lang='lat' dir='ltr'><strong>habitis,</strong></span> <span class='ocrx_word' id='word_1_9' title='bbox 1703 555 1766 614; x_wconf 87' lang='lat' dir='ltr'><strong>in</strong></span> <span class='ocrx_word' id='word_1_10' title='bbox 1810 553 2054 614; x_wconf 89' lang='lat' dir='ltr'><strong>Italiam</strong></span> <span class='ocrx_word' id='word_1_11' title='bbox 2111 554 2508 634; x_wconf 74' lang='lat' dir='ltr'><strong>profecturae,</strong></span> 
     </span>
     <span class='ocr_line' id='line_1_4' title="bbox 179 656 2510 739; baseline -0.002 -19"><span class='ocrx_word' id='word_1_12' title='bbox 179 679 320 739; x_wconf 86' lang='lat' dir='ltr'><strong>pace</strong></span> <span class='ocrx_word' id='word_1_13' title='bbox 364 660 639 739; x_wconf 85' lang='lat' dir='ltr'><strong>generali</strong></span> <span class='ocrx_word' id='word_1_14' title='bbox 685 657 983 732; x_wconf 86' lang='lat' dir='ltr'><strong>ordinata,</strong></span> <span class='ocrx_word' id='word_1_15' title='bbox 1043 657 1377 719; x_wconf 82' lang='lat' dir='ltr'><strong>Iohannem</strong></span> <span class='ocrx_word' id='word_1_16' title='bbox 1422 656 1633 732; x_wconf 86' lang='lat' dir='ltr'><strong>filium,</strong></span> <span class='ocrx_word' id='word_1_17' title='bbox 1691 657 2017 717; x_wconf 90' lang='lat' dir='ltr'><strong>Bohemiae</strong></span> <span class='ocrx_word' id='word_1_18' title='bbox 2059 675 2283 735; x_wconf 86' lang='lat' dir='ltr'><strong>regem,</strong></span> <span class='ocrx_word' id='word_1_19' title='bbox 2336 657 2510 734; x_wconf 83' lang='lat' dir='ltr'><strong>regni</strong></span> 
     </span>
     <span class='ocr_line' id='line_1_5' title="bbox 179 758 2511 842; baseline -0.001 -19"><span class='ocrx_word' id='word_1_20' title='bbox 179 763 464 823; x_wconf 88' lang='lat' dir='ltr'><strong>vicarium</strong></span> <span class='ocrx_word' id='word_1_21' title='bbox 532 762 875 823; x_wconf 73' lang='lat' dir='ltr'><strong>instituerat</strong></span> <span class='ocrx_word' id='word_1_22' title='bbox 904 759 967 838; x_wconf 86' lang='lat'><strong>⁷).</strong></span> <span class='ocrx_word' id='word_1_23' title='bbox 1067 761 1283 821; x_wconf 87' lang='lat' dir='ltr'><strong>Mense</strong></span> <span class='ocrx_word' id='word_1_24' title='bbox 1338 779 1484 821; x_wconf 83' lang='lat' dir='ltr'><strong>vero</strong></span> <span class='ocrx_word' id='word_1_25' title='bbox 1541 759 1701 842; x_wconf 78' lang='lat' dir='ltr'><strong>Sept.</strong></span> <span class='ocrx_word' id='word_1_26' title='bbox 1763 758 2030 821; x_wconf 87' lang='lat' dir='ltr'><strong>eiusdem</strong></span> <span class='ocrx_word' id='word_1_27' title='bbox 2085 779 2136 820; x_wconf 89' lang='lat' dir='ltr'><strong>a.</strong></span> <span class='ocrx_word' id='word_1_28' title='bbox 2183 758 2511 821; x_wconf 85' lang='lat' dir='ltr'><strong>Germania</strong></span> 
     </span>
     <span class='ocr_line' id='line_1_6' title="bbox 177 863 2510 945; baseline -0.002 -19"><span class='ocrx_word' id='word_1_29' title='bbox 177 867 383 926; x_wconf 89' lang='lat' dir='ltr'><strong>relicta</strong></span> <span class='ocrx_word' id='word_1_30' title='bbox 396 913 411 940; x_wconf 88' lang='lat'>‚</span> <span class='ocrx_word' id='word_1_31' title='bbox 470 863 771 926; x_wconf 79' lang='lat' dir='ltr'><strong>Hem-icus</strong></span> <span class='ocrx_word' id='word_1_32' title='bbox 826 883 1135 944; x_wconf 88' lang='lat' dir='ltr'><strong>nunquam</strong></span> <span class='ocrx_word' id='word_1_33' title='bbox 1188 865 1251 924; x_wconf 87' lang='lat' dir='ltr'><strong>in</strong></span> <span class='ocrx_word' id='word_1_34' title='bbox 1304 863 1562 945; x_wconf 87' lang='lat' dir='ltr'><strong>patriam</strong></span> <span class='ocrx_word' id='word_1_35' title='bbox 1604 863 1783 924; x_wconf 90' lang='lat' dir='ltr'><strong>rediit</strong></span> <span class='ocrx_word' id='word_1_36' title='bbox 1813 864 1890 941; x_wconf 78' lang='lat'><strong>8):</strong></span> <span class='ocrx_word' id='word_1_37' title='bbox 1957 883 2038 924; x_wconf 80' lang='lat' dir='ltr'><strong>ex</strong></span> <span class='ocrx_word' id='word_1_38' title='bbox 2079 881 2198 942; x_wconf 91' lang='lat' dir='ltr'><strong>quo</strong></span> <span class='ocrx_word' id='word_1_39' title='bbox 2241 867 2510 944; x_wconf 85' lang='lat' dir='ltr'><strong>tempore</strong></span> 
     </span>
     <span class='ocr_line' id='line_1_7' title="bbox 178 965 2510 1048; baseline -0 -21"><span class='ocrx_word' id='word_1_40' title='bbox 178 969 474 1030; x_wconf 88' lang='lat' dir='ltr'><strong>iustitiarii</strong></span> <span class='ocrx_word' id='word_1_41' title='bbox 508 970 709 1029; x_wconf 87' lang='lat' dir='ltr'><strong>curiae</strong></span> <span class='ocrx_word' id='word_1_42' title='bbox 737 968 903 1048; x_wconf 82' lang='lat' dir='ltr'><strong>regis</strong></span> <span class='ocrx_word' id='word_1_43' title='bbox 930 986 1051 1028; x_wconf 91' lang='lat' dir='ltr'><strong>non</strong></span> <span class='ocrx_word' id='word_1_44' title='bbox 1075 968 1333 1048; x_wconf 87' lang='lat' dir='ltr'><strong>amplius</strong></span> <span class='ocrx_word' id='word_1_45' title='bbox 1360 969 1913 1028; x_wconf 76' lang='lat' dir='ltr'><strong>commemorantur.</strong></span> <span class='ocrx_word' id='word_1_46' title='bbox 1983 965 2286 1027; x_wconf 85' lang='lat' dir='ltr'><strong>Summam</strong></span> <span class='ocrx_word' id='word_1_47' title='bbox 2310 969 2510 1026; x_wconf 87' lang='lat' dir='ltr'><strong>autem</strong></span> 
     </span>
     <span class='ocr_line' id='line_1_8' title="bbox 176 1068 2508 1152; baseline -0.002 -20"><span class='ocrx_word' id='word_1_48' title='bbox 176 1073 403 1152; x_wconf 87' lang='lat' dir='ltr'><strong>imperii</strong></span> <span class='ocrx_word' id='word_1_49' title='bbox 443 1072 912 1132; x_wconf 85' lang='lat' dir='ltr'><strong>iurisdictionem</strong></span> <span class='ocrx_word' id='word_1_50' title='bbox 953 1090 1146 1150; x_wconf 83' lang='lat' dir='ltr'><strong>usque</strong></span> <span class='ocrx_word' id='word_1_51' title='bbox 1191 1071 1268 1131; x_wconf 89' lang='lat' dir='ltr'><strong>ad</strong></span> <span class='ocrx_word' id='word_1_52' title='bbox 1308 1071 1498 1151; x_wconf 81' lang='lat' dir='ltr'><strong>patris</strong></span> <span class='ocrx_word' id='word_1_53' title='bbox 1543 1072 1795 1130; x_wconf 87' lang='lat' dir='ltr'><strong>mortem</strong></span> <span class='ocrx_word' id='word_1_54' title='bbox 1821 1070 1868 1146; x_wconf 83' lang='grc'><strong>9)</strong></span> <span class='ocrx_word' id='word_1_55' title='bbox 1895 1068 2197 1130; x_wconf 85' lang='lat' dir='ltr'><strong>Iohannes</strong></span> <span class='ocrx_word' id='word_1_56' title='bbox 2219 1070 2380 1130; x_wconf 87' lang='lat' dir='ltr'><strong>filius</strong></span> <span class='ocrx_word' id='word_1_57' title='bbox 2405 1089 2508 1129; x_wconf 83' lang='lat' dir='ltr'><strong>ex·</strong></span> 
     </span>
     <span class='ocr_line' id='line_1_9' title="bbox 177 1158 2507 1255; baseline -0 -21"><span class='ocrx_word' id='word_1_58' title='bbox 177 1176 359 1236; x_wconf 84' lang='lat' dir='ltr'><strong>creuit</strong></span> <span class='ocrx_word' id='word_1_59' title='bbox 393 1176 641 1255; x_wconf 87' lang='lat' dir='ltr'><strong>eiusque</strong></span> <span class='ocrx_word' id='word_1_60' title='bbox 674 1175 807 1234; x_wconf 90' lang='lat' dir='ltr'><strong>loco</strong></span> <span class='ocrx_word' id='word_1_61' title='bbox 831 1174 1133 1234; x_wconf 83' lang='lat' dir='ltr'><strong>Rudolfus</strong></span> <span class='ocrx_word' id='word_1_62' title='bbox 1172 1174 1247 1233; x_wconf 90' lang='lat' dir='ltr'><strong>de</strong></span> <span class='ocrx_word' id='word_1_63' title='bbox 1272 1171 1495 1233; x_wconf 86' lang='lat' dir='ltr'><strong>Hewin</strong></span> <span class='ocrx_word' id='word_1_64' title='bbox 1528 1173 1748 1234; x_wconf 85' lang='lat' dir='ltr'><strong>iudicio</strong></span> <span class='ocrx_word' id='word_1_65' title='bbox 1786 1193 2062 1252; x_wconf 86' lang='lat' dir='ltr'><strong>supremo</strong></span> <span class='ocrx_word' id='word_1_66' title='bbox 2081 1174 2384 1254; x_wconf 79' lang='lat' dir='ltr'><strong>praesedit</strong></span> <span class='ocrx_word' id='word_1_67' title='bbox 2412 1158 2507 1250; x_wconf 63' lang='lat' dir='ltr'><strong>l0),</strong></span> 
     </span>
     <span class='ocr_line' id='line_1_10' title="bbox 176 1275 2509 1356; baseline -0 -19"><span class='ocrx_word' id='word_1_68' title='bbox 176 1279 328 1338; x_wconf 86' lang='lat' dir='ltr'><strong>idem</strong></span> <span class='ocrx_word' id='word_1_69' title='bbox 378 1279 510 1338; x_wconf 87' lang='lat' dir='ltr'><strong>sine</strong></span> <span class='ocrx_word' id='word_1_70' title='bbox 568 1278 797 1353; x_wconf 90' lang='lat' dir='ltr'><strong>dubio,-</strong></span> <span class='ocrx_word' id='word_1_71' title='bbox 836 1277 954 1356; x_wconf 86' lang='lat' dir='ltr'><strong>qui·</strong></span> <span class='ocrx_word' id='word_1_72' title='bbox 997 1277 1118 1337; x_wconf 90' lang='lat' dir='ltr'><strong>iam</strong></span> <span class='ocrx_word' id='word_1_73' title='bbox 1160 1276 1415 1336; x_wconf 87' lang='lat' dir='ltr'><strong>Alberto</strong></span> <span class='ocrx_word' id='word_1_74' title='bbox 1448 1277 1496 1336; x_wconf 92' lang='lat' dir='ltr'><strong>I.</strong></span> <span class='ocrx_word' id='word_1_75' title='bbox 1542 1279 1838 1356; x_wconf 81' lang='lat' dir='ltr'><strong>regnante</strong></span> <span class='ocrx_word' id='word_1_76' title='bbox 1888 1277 2189 1336; x_wconf 86' lang='lat' dir='ltr'><strong>iustitiarii</strong></span> <span class='ocrx_word' id='word_1_77' title='bbox 2249 1275 2509 1336; x_wconf 87' lang='lat' dir='ltr'><strong>officium</strong></span> 
     </span>
     <span class='ocr_line' id='line_1_11' title="bbox 176 1378 2507 1458; baseline -0.001 -17"><span class='ocrx_word' id='word_1_78' title='bbox 176 1382 708 1442; x_wconf 77' lang='lat' dir='ltr'><strong>administraverat.</strong></span> <span class='ocrx_word' id='word_1_79' title='bbox 799 1379 1121 1442; x_wconf 81' lang='lat' dir='ltr'><strong>Contendit</strong></span> <span class='ocrx_word' id='word_1_80' title='bbox 1162 1380 1403 1458; x_wconf 87' lang='lat' dir='ltr'><strong>quidem</strong></span> <span class='ocrx_word' id='word_1_81' title='bbox 1448 1379 1725 1440; x_wconf 86' lang='lat' dir='ltr'><strong>Blumius</strong></span> <span class='ocrx_word' id='word_1_82' title='bbox 1739 1427 1754 1454; x_wconf 91' lang='lat'>‚</span> <span class='ocrx_word' id='word_1_83' title='bbox 1807 1381 2007 1440; x_wconf 85' lang='lat' dir='ltr'><strong>curiae</strong></span> <span class='ocrx_word' id='word_1_84' title='bbox 2049 1378 2301 1440; x_wconf 88' lang='lat' dir='ltr'><strong>Henrici</strong></span> <span class='ocrx_word' id='word_1_85' title='bbox 2343 1380 2507 1457; x_wconf 84' lang='lat' dir='ltr'><strong>regis</strong></span> 
     </span>
     <span class='ocr_line' id='line_1_12' title="bbox 175 1467 2505 1565; baseline 0 -23"><span class='ocrx_word' id='word_1_86' title='bbox 175 1503 222 1543; x_wconf 90' lang='lat' dir='ltr'><strong>a.</strong></span> <span class='ocrx_word' id='word_1_87' title='bbox 254 1485 417 1549; x_wconf 83' lang='lat'>1313</span> <span class='ocrx_word' id='word_1_88' title='bbox 470 1483 824 1563; x_wconf 82' lang='lat' dir='ltr'><strong>magistrum</strong></span> <span class='ocrx_word' id='word_1_89' title='bbox 868 1467 1202 1543; x_wconf 80' lang='lat' dir='ltr'><strong>Iohannem</strong></span> <span class='ocrx_word' id='word_1_90' title='bbox 1244 1483 1633 1562; x_wconf 84' lang='lat' dir='ltr'><strong>Vinstingam</strong></span> <span class='ocrx_word' id='word_1_91' title='bbox 1689 1484 2026 1565; x_wconf 79' lang='lat' dir='ltr'><strong>praefuisse</strong></span> <span class='ocrx_word' id='word_1_92' title='bbox 2065 1482 2174 1560; x_wconf 81' lang='lat' dir='ltr'><strong>l¹);</strong></span> <span class='ocrx_word' id='word_1_93' title='bbox 2244 1501 2316 1544; x_wconf 87' lang='lat' dir='ltr'><strong>ea</strong></span> <span class='ocrx_word' id='word_1_94' title='bbox 2359 1503 2505 1544; x_wconf 84' lang='lat' dir='ltr'><strong>vero</strong></span> 
     </span>
     <span class='ocr_line' id='line_1_13' title="bbox 174 1585 2506 1666; baseline -0.001 -19"><span class='ocrx_word' id='word_1_95' title='bbox 174 1589 367 1666; x_wconf 89' lang='lat' dir='ltr'><strong>opinio</strong></span> <span class='ocrx_word' id='word_1_96' title='bbox 434 1589 643 1648; x_wconf 90' lang='lat' dir='ltr'><strong>eadem</strong></span> <span class='ocrx_word' id='word_1_97' title='bbox 712 1587 946 1647; x_wconf 86' lang='lat' dir='ltr'><strong>ratione</strong></span> <span class='ocrx_word' id='word_1_98' title='bbox 1002 1587 1396 1666; x_wconf 86' lang='lat' dir='ltr'><strong>improbanda</strong></span> <span class='ocrx_word' id='word_1_99' title='bbox 1453 1589 1546 1646; x_wconf 85' lang='lat' dir='ltr'><strong>est</strong></span> <span class='ocrx_word' id='word_1_100' title='bbox 1561 1632 1581 1663; x_wconf 86' lang='lat'><strong>,</strong></span> <span class='ocrx_word' id='word_1_101' title='bbox 1653 1605 1772 1665; x_wconf 88' lang='lat' dir='ltr'><strong>qua</strong></span> <span class='ocrx_word' id='word_1_102' title='bbox 1828 1585 2304 1666; x_wconf 79' lang='lat' dir='ltr'><strong>Senckenbergii</strong></span> <span class='ocrx_word' id='word_1_103' title='bbox 2318 1633 2335 1662; x_wconf 83' lang='lat'>‚</span> <span class='ocrx_word' id='word_1_104' title='bbox 2403 1587 2506 1665; x_wconf 91' lang='lat' dir='ltr'><strong>qui</strong></span> 
     </span>
     <span class='ocr_line' id='line_1_14' title="bbox 172 1688 2507 1770; baseline -0.001 -20"><span class='ocrx_word' id='word_1_105' title='bbox 172 1689 434 1764; x_wconf 75' lang='lat' dir='ltr'><strong>Hem-ico</strong></span> <span class='ocrx_word' id='word_1_106' title='bbox 494 1692 731 1751; x_wconf 89' lang='lat' dir='ltr'><strong>cuidam</strong></span> <span class='ocrx_word' id='word_1_107' title='bbox 774 1690 975 1751; x_wconf 88' lang='lat' dir='ltr'><strong>comiti</strong></span> <span class='ocrx_word' id='word_1_108' title='bbox 1019 1688 1477 1770; x_wconf 70' lang='lat' dir='ltr'><strong>spanheimensi</strong></span> <span class='ocrx_word' id='word_1_109' title='bbox 1519 1691 1636 1751; x_wconf 92' lang='lat' dir='ltr'><strong>hoc</strong></span> <span class='ocrx_word' id='word_1_110' title='bbox 1678 1709 1897 1750; x_wconf 86' lang='lat' dir='ltr'><strong>munus</strong></span> <span class='ocrx_word' id='word_1_111' title='bbox 1943 1689 2325 1750; x_wconf 87' lang='lat' dir='ltr'><strong>commissum</strong></span> <span class='ocrx_word' id='word_1_112' title='bbox 2367 1709 2507 1749; x_wconf 86' lang='lat' dir='ltr'><strong>csse</strong></span> 
     </span>
    </p>
   </div>
   <div class='ocr_carea' id='block_1_4' title="bbox 171 1793 1413 2027">
    <p class='ocr_par' dir='ltr' id='par_1_4' title="bbox 171 1793 1413 2027">
     <span class='ocr_line' id='line_1_15' title="bbox 171 1793 437 1871; baseline 0.004 -19"><span class='ocrx_word' id='word_1_113' title='bbox 171 1794 309 1854; x_wconf 89' lang='lat' dir='ltr'><strong>dicit</strong></span> <span class='ocrx_word' id='word_1_114' title='bbox 338 1793 437 1871; x_wconf 72' lang='lat'><strong>¹²).</strong></span> 
     </span>
     <span class='ocr_line' id='line_1_16' title="bbox 1252 1946 1413 2027; baseline 0.006 -18"><span class='ocrx_word' id='word_1_115' title='bbox 1252 1950 1308 2027; x_wconf 67' lang='grc' dir='ltr'><strong>ἓ.</strong></span> <span class='ocrx_word' id='word_1_116' title='bbox 1359 1946 1413 2012; x_wconf 81' lang='grc'><strong>7.</strong></span> 
     </span>
    </p>
   </div>
   <div class='ocr_carea' id='block_1_5' title="bbox 168 2080 2506 2268">
    <p class='ocr_par' dir='ltr' id='par_1_5' title="bbox 168 2080 2506 2268">
     <span class='ocr_line' id='line_1_17' title="bbox 333 2080 2505 2167; baseline -0.001 -21"><span class='ocrx_word' id='word_1_117' title='bbox 333 2080 483 2146; x_wconf 84' lang='lat' dir='ltr'><strong>Post</strong></span> <span class='ocrx_word' id='word_1_118' title='bbox 509 2085 761 2147; x_wconf 76' lang='lat' dir='ltr'><strong>Hem-ici</strong></span> <span class='ocrx_word' id='word_1_119' title='bbox 793 2088 1062 2162; x_wconf 84' lang='lat' dir='ltr'><strong>mortem,</strong></span> <span class='ocrx_word' id='word_1_120' title='bbox 1099 2105 1285 2165; x_wconf 89' lang='lat' dir='ltr'><strong>quum</strong></span> <span class='ocrx_word' id='word_1_121' title='bbox 1314 2086 1633 2167; x_wconf 90' lang='lat' dir='ltr'><strong>imperium</strong></span> <span class='ocrx_word' id='word_1_122' title='bbox 1668 2088 1805 2166; x_wconf 88' lang='lat' dir='ltr'><strong>plus</strong></span> <span class='ocrx_word' id='word_1_123' title='bbox 1827 2103 1985 2146; x_wconf 86' lang='lat' dir='ltr'><strong>anno</strong></span> <span class='ocrx_word' id='word_1_124' title='bbox 2021 2104 2168 2163; x_wconf 84' lang='lat' dir='ltr'><strong>rege</strong></span> <span class='ocrx_word' id='word_1_125' title='bbox 2199 2085 2505 2158; x_wconf 85' lang='lat' dir='ltr'><strong>caruisset,</strong></span> 
     </span>
     <span class='ocr_line' id='line_1_18' title="bbox 168 2188 2506 2268; baseline 0 -20"><span class='ocrx_word' id='word_1_126' title='bbox 168 2190 494 2251; x_wconf 90' lang='lat' dir='ltr'><strong>electorum</strong></span> <span class='ocrx_word' id='word_1_127' title='bbox 535 2188 838 2268; x_wconf 79' lang='lat' dir='ltr'><strong>suffragiis</strong></span> <span class='ocrx_word' id='word_1_128' title='bbox 883 2189 1375 2252; x_wconf 85' lang='lat' dir='ltr'><strong>dissentientibus</strong></span> <span class='ocrx_word' id='word_1_129' title='bbox 1418 2188 1768 2251; x_wconf 84' lang='lat' dir='ltr'><strong>Ludovicus</strong></span> <span class='ocrx_word' id='word_1_130' title='bbox 1813 2190 2030 2251; x_wconf 82' lang='lat' dir='ltr'><strong>Bavar.</strong></span> <span class='ocrx_word' id='word_1_131' title='bbox 2067 2192 2128 2249; x_wconf 90' lang='lat' dir='ltr'><strong>et</strong></span> <span class='ocrx_word' id='word_1_132' title='bbox 2160 2188 2506 2249; x_wconf 82' lang='lat' dir='ltr'><strong>Fridericus</strong></span> 
     </span>
    </p>
   </div>
   <div class='ocr_carea' id='block_1_6' title="bbox 159 2400 2506 4453">
    <p class='ocr_par' dir='ltr' id='par_1_6' title="bbox 337 2400 2502 2646">
     <span class='ocr_line' id='line_1_19' title="bbox 341 2400 1796 2474; baseline 0 -18"><span class='ocrx_word' id='word_1_133' title='bbox 341 2400 402 2474; x_wconf 82' lang='lat'><strong>7)</strong></span> <span class='ocrx_word' id='word_1_134' title='bbox 470 2401 841 2456; x_wconf 88' lang='lat' dir='ltr'><strong>Boehmer:</strong></span> <span class='ocrx_word' id='word_1_135' title='bbox 886 2418 1002 2473; x_wconf 86' lang='lat' dir='ltr'><strong>reg.</strong></span> <span class='ocrx_word' id='word_1_136' title='bbox 1047 2421 1100 2472; x_wconf 88' lang='lat' dir='ltr'><strong>p.</strong></span> <span class='ocrx_word' id='word_1_137' title='bbox 1127 2404 1251 2460; x_wconf 87' lang='grc'><strong>276</strong></span> <span class='ocrx_word' id='word_1_138' title='bbox 1278 2407 1337 2456; x_wconf 89' lang='lat' dir='ltr'><strong>et</strong></span> <span class='ocrx_word' id='word_1_139' title='bbox 1359 2403 1435 2459; x_wconf 84' lang='lat'><strong>77</strong></span> <span class='ocrx_word' id='word_1_140' title='bbox 1466 2407 1525 2456; x_wconf 85' lang='lat' dir='ltr'><strong>et</strong></span> <span class='ocrx_word' id='word_1_141' title='bbox 1546 2421 1627 2457; x_wconf 90' lang='lat' dir='ltr'><strong>nr.</strong></span> <span class='ocrx_word' id='word_1_142' title='bbox 1653 2405 1796 2462; x_wconf 84' lang='lat'><strong>314.</strong></span> 
     </span>
     <span class='ocr_line' id='line_1_20' title="bbox 337 2486 1136 2559; baseline -0.004 -14"><span class='ocrx_word' id='word_1_143' title='bbox 337 2486 399 2559; x_wconf 88' lang='grc'><strong>8)</strong></span> <span class='ocrx_word' id='word_1_144' title='bbox 469 2488 611 2542; x_wconf 85' lang='lat' dir='ltr'><strong>Ibid.</strong></span> <span class='ocrx_word' id='word_1_145' title='bbox 656 2506 710 2558; x_wconf 89' lang='lat' dir='ltr'><strong>p.</strong></span> <span class='ocrx_word' id='word_1_146' title='bbox 737 2489 861 2545; x_wconf 82' lang='lat'><strong>282</strong></span> <span class='ocrx_word' id='word_1_147' title='bbox 907 2487 967 2542; x_wconf 87' lang='lat' dir='ltr'><strong>in</strong></span> <span class='ocrx_word' id='word_1_148' title='bbox 1008 2487 1136 2542; x_wconf 86' lang='lat' dir='ltr'><strong>fine.</strong></span> 
     </span>
     <span class='ocr_line' id='line_1_21' title="bbox 340 2564 2502 2646; baseline -0.001 -15"><span class='ocrx_word' id='word_1_149' title='bbox 340 2572 401 2646; x_wconf 89' lang='lat'><strong>9)</strong></span> <span class='ocrx_word' id='word_1_150' title='bbox 470 2574 634 2643; x_wconf 85' lang='lat' dir='ltr'><strong>Diem</strong></span> <span class='ocrx_word' id='word_1_151' title='bbox 672 2574 812 2628; x_wconf 82' lang='lat' dir='ltr'><strong>obiit</strong></span> <span class='ocrx_word' id='word_1_152' title='bbox 846 2591 943 2628; x_wconf 86' lang='lat' dir='ltr'><strong>rex</strong></span> <span class='ocrx_word' id='word_1_153' title='bbox 977 2575 1365 2629; x_wconf 82' lang='lat' dir='ltr'><strong>Bonconventi</strong></span> <span class='ocrx_word' id='word_1_154' title='bbox 1404 2576 1454 2628; x_wconf 86' lang='lat' dir='ltr'><strong>d.</strong></span> <span class='ocrx_word' id='word_1_155' title='bbox 1495 2577 1594 2633; x_wconf 85' lang='lat'><strong>24.</strong></span> <span class='ocrx_word' id='word_1_156' title='bbox 1615 2594 1686 2628; x_wconf 89' lang='lat' dir='ltr'><strong>m.</strong></span> <span class='ocrx_word' id='word_1_157' title='bbox 1721 2573 1866 2646; x_wconf 87' lang='lat' dir='ltr'><strong>Aug.</strong></span> <span class='ocrx_word' id='word_1_158' title='bbox 1896 2564 2092 2634; x_wconf 86' lang='lat'>1313:</span> <span class='ocrx_word' id='word_1_159' title='bbox 2138 2590 2254 2644; x_wconf 87' lang='lat' dir='ltr'><strong>reg.</strong></span> <span class='ocrx_word' id='word_1_160' title='bbox 2279 2592 2334 2644; x_wconf 89' lang='lat' dir='ltr'><strong>p.</strong></span> <span class='ocrx_word' id='word_1_161' title='bbox 2361 2577 2502 2634; x_wconf 85' lang='lat'><strong>311.</strong></span> 
     </span>
    </p>

    <p class='ocr_par' dir='ltr' id='par_1_7' title="bbox 295 2657 1554 2732">
     <span class='ocr_line' id='line_1_22' title="bbox 295 2657 1554 2732; baseline -0.003 -14"><span class='ocrx_word' id='word_1_162' title='bbox 295 2657 399 2732; x_wconf 90' lang='grc'><strong>10)</strong></span> <span class='ocrx_word' id='word_1_163' title='bbox 470 2658 582 2714; x_wconf 80' lang='lat' dir='ltr'><strong>cfr.</strong></span> <span class='ocrx_word' id='word_1_164' title='bbox 628 2678 798 2731; x_wconf 86' lang='lat' dir='ltr'><strong>supra</strong></span> <span class='ocrx_word' id='word_1_165' title='bbox 843 2677 965 2730; x_wconf 90' lang='lat' dir='ltr'><strong>cap.</strong></span> <span class='ocrx_word' id='word_1_166' title='bbox 1007 2661 1092 2729; x_wconf 87' lang='lat'><strong>11,</strong></span> <span class='ocrx_word' id='word_1_167' title='bbox 1139 2661 1189 2730; x_wconf 63' lang='grc' dir='ltr'><strong>ξ.</strong></span> <span class='ocrx_word' id='word_1_168' title='bbox 1219 2665 1271 2719; x_wconf 82' lang='grc'><strong>1.</strong></span> <span class='ocrx_word' id='word_1_169' title='bbox 1314 2667 1429 2714; x_wconf 87' lang='lat' dir='ltr'><strong>not.</strong></span> <span class='ocrx_word' id='word_1_170' title='bbox 1457 2664 1554 2718; x_wconf 83' lang='lat'><strong>21.</strong></span> 
     </span>
    </p>

    <p class='ocr_par' dir='ltr' id='par_1_8' title="bbox 159 2745 2506 4267">
     <span class='ocr_line' id='line_1_23' title="bbox 295 2745 2504 2818; baseline -0.003 -14"><span class='ocrx_word' id='word_1_171' title='bbox 295 2745 400 2818; x_wconf 91' lang='lat'><strong>11)</strong></span> <span class='ocrx_word' id='word_1_172' title='bbox 468 2746 708 2800; x_wconf 90' lang='lat' dir='ltr'><strong>Blume</strong></span> <span class='ocrx_word' id='word_1_173' title='bbox 751 2746 801 2817; x_wconf 65' lang='grc' dir='ltr'><strong>ξ.</strong></span> <span class='ocrx_word' id='word_1_174' title='bbox 829 2748 925 2803; x_wconf 86' lang='grc'><strong>22.</strong></span> <span class='ocrx_word' id='word_1_175' title='bbox 966 2775 1048 2784; x_wconf 89' lang='grc'>-</span> <span class='ocrx_word' id='word_1_176' title='bbox 1098 2746 1435 2814; x_wconf 85' lang='lat' dir='ltr'><strong>„Johannes</strong></span> <span class='ocrx_word' id='word_1_177' title='bbox 1479 2746 1810 2818; x_wconf 84' lang='lat' dir='ltr'><strong>Vinstinga‚</strong></span> <span class='ocrx_word' id='word_1_178' title='bbox 1863 2745 1998 2798; x_wconf 85' lang='lat' dir='ltr'><strong>iuris</strong></span> <span class='ocrx_word' id='word_1_179' title='bbox 2043 2745 2333 2814; x_wconf 87' lang='lat' dir='ltr'><strong>utriusque</strong></span> <span class='ocrx_word' id='word_1_180' title='bbox 2376 2763 2504 2815; x_wconf 85' lang='lat' dir='ltr'><strong>pro·</strong></span> 
     </span>
     <span class='ocr_line' id='line_1_24' title="bbox 162 2831 2505 2900; baseline -0 -15"><span class='ocrx_word' id='word_1_181' title='bbox 162 2832 368 2900; x_wconf 83' lang='lat' dir='ltr'><strong>fessor,</strong></span> <span class='ocrx_word' id='word_1_182' title='bbox 412 2832 579 2887; x_wconf 83' lang='lat' dir='ltr'><strong>iudex</strong></span> <span class='ocrx_word' id='word_1_183' title='bbox 635 2837 692 2885; x_wconf 85' lang='lat' dir='ltr'><strong>et</strong></span> <span class='ocrx_word' id='word_1_184' title='bbox 733 2833 985 2886; x_wconf 83' lang='lat' dir='ltr'><strong>notarius</strong></span> <span class='ocrx_word' id='word_1_185' title='bbox 1028 2833 1155 2886; x_wconf 88' lang='lat' dir='ltr'><strong>aule</strong></span> <span class='ocrx_word' id='word_1_186' title='bbox 1199 2837 1389 2886; x_wconf 86' lang='lat' dir='ltr'><strong>nostre</strong></span> <span class='ocrx_word' id='word_1_187' title='bbox 1407 2835 1437 2861; x_wconf 81' lang='grc'>“</span> <span class='ocrx_word' id='word_1_188' title='bbox 1490 2834 1549 2886; x_wconf 90' lang='lat' dir='ltr'><strong>in</strong></span> <span class='ocrx_word' id='word_1_189' title='bbox 1595 2832 1716 2886; x_wconf 89' lang='lat' dir='ltr'><strong>doc.</strong></span> <span class='ocrx_word' id='word_1_190' title='bbox 1761 2848 1810 2885; x_wconf 88' lang='lat' dir='ltr'><strong>a.</strong></span> <span class='ocrx_word' id='word_1_191' title='bbox 1853 2834 2018 2891; x_wconf 84' lang='lat'>1313</span> <span class='ocrx_word' id='word_1_192' title='bbox 2065 2831 2288 2900; x_wconf 80' lang='lat' dir='ltr'><strong>saepius</strong></span> <span class='ocrx_word' id='word_1_193' title='bbox 2331 2832 2505 2885; x_wconf 88' lang='lat' dir='ltr'><strong>nomi-</strong></span> 
     </span>
     <span class='ocr_line' id='line_1_25' title="bbox 164 2917 2505 2989; baseline 0 -18"><span class='ocrx_word' id='word_1_194' title='bbox 164 2925 357 2976; x_wconf 80' lang='lat' dir='ltr'><strong>natur:</strong></span> <span class='ocrx_word' id='word_1_195' title='bbox 399 2918 633 2977; x_wconf 80' lang='lat' dir='ltr'><strong>Heni-ici</strong></span> <span class='ocrx_word' id='word_1_196' title='bbox 653 2918 778 2972; x_wconf 88' lang='lat' dir='ltr'><strong>VII.</strong></span> <span class='ocrx_word' id='word_1_197' title='bbox 824 2919 957 2989; x_wconf 88' lang='lat' dir='ltr'><strong>dipl.</strong></span> <span class='ocrx_word' id='word_1_198' title='bbox 995 2919 1065 2972; x_wconf 88' lang='lat' dir='ltr'><strong>de</strong></span> <span class='ocrx_word' id='word_1_199' title='bbox 1100 2919 1221 2972; x_wconf 89' lang='lat' dir='ltr'><strong>iure</strong></span> <span class='ocrx_word' id='word_1_200' title='bbox 1254 2925 1588 2989; x_wconf 80' lang='lat' dir='ltr'><strong>patronatus</strong></span> <span class='ocrx_word' id='word_1_201' title='bbox 1616 2917 1988 2987; x_wconf 83' lang='lat' dir='ltr'><strong>parochorum</strong></span> <span class='ocrx_word' id='word_1_202' title='bbox 2013 2917 2505 2988; x_wconf 80' lang='lat' dir='ltr'><strong>Nordlingensium</strong></span> 
     </span>
     <span class='ocr_line' id='line_1_26' title="bbox 166 3003 2503 3075; baseline 0 -17"><span class='ocrx_word' id='word_1_203' title='bbox 166 3023 249 3073; x_wconf 86' lang='lat' dir='ltr'><strong>ap.</strong></span> <span class='ocrx_word' id='word_1_204' title='bbox 294 3005 611 3058; x_wconf 87' lang='lat' dir='ltr'><strong>Hocker:</strong></span> <span class='ocrx_word' id='word_1_205' title='bbox 652 3003 1135 3074; x_wconf 81' lang='lat' dir='ltr'><strong>Haylsbr.antqq.</strong></span> <span class='ocrx_word' id='word_1_206' title='bbox 1160 3005 1342 3075; x_wconf 83' lang='lat' dir='ltr'><strong>suppl.</strong></span> <span class='ocrx_word' id='word_1_207' title='bbox 1386 3007 1444 3072; x_wconf 82' lang='grc' dir='ltr'><strong>Ι,</strong></span> <span class='ocrx_word' id='word_1_208' title='bbox 1487 3023 1544 3075; x_wconf 88' lang='lat' dir='ltr'><strong>p.</strong></span> <span class='ocrx_word' id='word_1_209' title='bbox 1571 3005 1720 3072; x_wconf 83' lang='lat'>125,</span> <span class='ocrx_word' id='word_1_210' title='bbox 1766 3009 1826 3058; x_wconf 86' lang='lat' dir='ltr'><strong>et</strong></span> <span class='ocrx_word' id='word_1_211' title='bbox 1859 3003 2034 3057; x_wconf 76' lang='lat' dir='ltr'><strong>eiusd.</strong></span> <span class='ocrx_word' id='word_1_212' title='bbox 2070 3021 2184 3075; x_wconf 88' lang='lat' dir='ltr'><strong>reg.</strong></span> <span class='ocrx_word' id='word_1_213' title='bbox 2210 3005 2349 3072; x_wconf 66' lang='lat' dir='ltr'><strong>doc„</strong></span> <span class='ocrx_word' id='word_1_214' title='bbox 2375 3005 2425 3057; x_wconf 82' lang='lat' dir='ltr'><strong>d.</strong></span> <span class='ocrx_word' id='word_1_215' title='bbox 2451 3005 2503 3058; x_wconf 90' lang='lat' dir='ltr'><strong>d.</strong></span> 
     </span>
     <span class='ocr_line' id='line_1_27' title="bbox 162 3090 2503 3162; baseline 0 -19"><span class='ocrx_word' id='word_1_216' title='bbox 162 3091 307 3145; x_wconf 83' lang='lat' dir='ltr'><strong>Pisis</strong></span> <span class='ocrx_word' id='word_1_217' title='bbox 335 3094 432 3149; x_wconf 88' lang='lat'><strong>11.</strong></span> <span class='ocrx_word' id='word_1_218' title='bbox 454 3110 524 3145; x_wconf 91' lang='lat' dir='ltr'><strong>m.</strong></span> <span class='ocrx_word' id='word_1_219' title='bbox 548 3090 707 3150; x_wconf 73' lang='lat' dir='ltr'><strong>Junii</strong></span> <span class='ocrx_word' id='word_1_220' title='bbox 736 3094 897 3151; x_wconf 88' lang='lat'><strong>1313</strong></span> <span class='ocrx_word' id='word_1_221' title='bbox 924 3108 1013 3161; x_wconf 84' lang='lat' dir='ltr'><strong>ap.</strong></span> <span class='ocrx_word' id='word_1_222' title='bbox 1049 3091 1512 3162; x_wconf 84' lang='lat' dir='ltr'><strong>Doenniges:</strong></span> <span class='ocrx_word' id='word_1_223' title='bbox 1549 3095 1679 3144; x_wconf 85' lang='lat' dir='ltr'><strong>acta</strong></span> <span class='ocrx_word' id='word_1_224' title='bbox 1699 3090 1933 3144; x_wconf 77' lang='lat' dir='ltr'><strong>Hem-ici</strong></span> <span class='ocrx_word' id='word_1_225' title='bbox 1955 3090 2082 3144; x_wconf 91' lang='lat' dir='ltr'><strong>VII.</strong></span> <span class='ocrx_word' id='word_1_226' title='bbox 2103 3108 2158 3160; x_wconf 90' lang='lat' dir='ltr'><strong>p.</strong></span> <span class='ocrx_word' id='word_1_227' title='bbox 2179 3093 2320 3149; x_wconf 83' lang='lat'><strong>213.</strong></span> <span class='ocrx_word' id='word_1_228' title='bbox 2379 3091 2503 3154; x_wconf 82' lang='lat' dir='ltr'><strong>Quo</strong></span> 
     </span>
     <span class='ocr_line' id='line_1_28' title="bbox 164 3177 2503 3249; baseline -0 -19"><span class='ocrx_word' id='word_1_229' title='bbox 164 3193 391 3232; x_wconf 85' lang='lat' dir='ltr'><strong>munere</strong></span> <span class='ocrx_word' id='word_1_230' title='bbox 414 3177 666 3242; x_wconf 80' lang='lat' dir='ltr'><strong>iudiciali</strong></span> <span class='ocrx_word' id='word_1_231' title='bbox 696 3177 926 3232; x_wconf 80' lang='lat' dir='ltr'><strong>functus</strong></span> <span class='ocrx_word' id='word_1_232' title='bbox 962 3178 1035 3230; x_wconf 85' lang='lat' dir='ltr'><strong>sit</strong></span> <span class='ocrx_word' id='word_1_233' title='bbox 1059 3178 1351 3232; x_wconf 80' lang='lat' dir='ltr'><strong>Johannes</strong></span> <span class='ocrx_word' id='word_1_234' title='bbox 1396 3177 1508 3244; x_wconf 86' lang='lat' dir='ltr'><strong>ille,</strong></span> <span class='ocrx_word' id='word_1_235' title='bbox 1550 3177 1804 3249; x_wconf 83' lang='lat' dir='ltr'><strong>ignotum</strong></span> <span class='ocrx_word' id='word_1_236' title='bbox 1839 3181 1940 3246; x_wconf 86' lang='lat' dir='ltr'><strong>est,</strong></span> <span class='ocrx_word' id='word_1_237' title='bbox 1987 3177 2086 3231; x_wconf 86' lang='lat' dir='ltr'><strong>sed</strong></span> <span class='ocrx_word' id='word_1_238' title='bbox 2119 3177 2289 3230; x_wconf 87' lang='lat' dir='ltr'><strong>iudex</strong></span> <span class='ocrx_word' id='word_1_239' title='bbox 2317 3178 2503 3231; x_wconf 86' lang='lat' dir='ltr'><strong>curiae</strong></span> 
     </span>
     <span class='ocr_line' id='line_1_29' title="bbox 164 3256 2506 3335; baseline 0.001 -20"><span class='ocrx_word' id='word_1_240' title='bbox 164 3263 219 3315; x_wconf 92' lang='lat' dir='ltr'><strong>in</strong></span> <span class='ocrx_word' id='word_1_241' title='bbox 248 3280 429 3335; x_wconf 85' lang='lat' dir='ltr'><strong>regno</strong></span> <span class='ocrx_word' id='word_1_242' title='bbox 459 3256 799 3319; x_wconf 84' lang='lat' dir='ltr'><strong>Germanico</strong></span> <span class='ocrx_word' id='word_1_243' title='bbox 845 3279 967 3317; x_wconf 87' lang='lat' dir='ltr'><strong>esse</strong></span> <span class='ocrx_word' id='word_1_244' title='bbox 1012 3281 1125 3316; x_wconf 88' lang='lat' dir='ltr'><strong>non</strong></span> <span class='ocrx_word' id='word_1_245' title='bbox 1169 3264 1355 3334; x_wconf 83' lang='lat' dir='ltr'><strong>potuit</strong></span> <span class='ocrx_word' id='word_1_246' title='bbox 1400 3280 1467 3317; x_wconf 88' lang='lat' dir='ltr'><strong>eo</strong></span> <span class='ocrx_word' id='word_1_247' title='bbox 1509 3269 1776 3334; x_wconf 87' lang='lat' dir='ltr'><strong>tempore,</strong></span> <span class='ocrx_word' id='word_1_248' title='bbox 1821 3279 1932 3334; x_wconf 88' lang='lat' dir='ltr'><strong>quo</strong></span> <span class='ocrx_word' id='word_1_249' title='bbox 1976 3263 2098 3332; x_wconf 82' lang='lat' dir='ltr'><strong>ipse</strong></span> <span class='ocrx_word' id='word_1_250' title='bbox 2128 3280 2225 3317; x_wconf 84' lang='lat' dir='ltr'><strong>rex</strong></span> <span class='ocrx_word' id='word_1_251' title='bbox 2253 3263 2310 3316; x_wconf 89' lang='lat' dir='ltr'><strong>in</strong></span> <span class='ocrx_word' id='word_1_252' title='bbox 2339 3264 2506 3318; x_wconf 87' lang='lat' dir='ltr'><strong>ltalia</strong></span> 
     </span>
     <span class='ocr_line' id='line_1_30' title="bbox 164 3349 2506 3419; baseline 0.001 -18"><span class='ocrx_word' id='word_1_253' title='bbox 164 3356 411 3403; x_wconf 85' lang='lat' dir='ltr'><strong>moratus</strong></span> <span class='ocrx_word' id='word_1_254' title='bbox 450 3355 549 3404; x_wconf 83' lang='lat' dir='ltr'><strong>est.</strong></span> <span class='ocrx_word' id='word_1_255' title='bbox 638 3349 953 3404; x_wconf 88' lang='lat' dir='ltr'><strong>Verisimile</strong></span> <span class='ocrx_word' id='word_1_256' title='bbox 988 3355 1089 3417; x_wconf 65' lang='lat' dir='ltr'><strong>est,</strong></span> <span class='ocrx_word' id='word_1_257' title='bbox 1134 3366 1201 3403; x_wconf 83' lang='lat' dir='ltr'><strong>ex</strong></span> <span class='ocrx_word' id='word_1_258' title='bbox 1236 3349 1347 3403; x_wconf 84' lang='lat' dir='ltr'><strong>illis</strong></span> <span class='ocrx_word' id='word_1_259' title='bbox 1381 3350 1664 3404; x_wconf 79' lang='lat' dir='ltr'><strong>iudicibus</strong></span> <span class='ocrx_word' id='word_1_260' title='bbox 1693 3350 1885 3419; x_wconf 77' lang='lat' dir='ltr'><strong>fuisse,</strong></span> <span class='ocrx_word' id='word_1_261' title='bbox 1931 3366 2072 3419; x_wconf 85' lang='lat' dir='ltr'><strong>quos</strong></span> <span class='ocrx_word' id='word_1_262' title='bbox 2107 3349 2386 3403; x_wconf 82' lang='lat' dir='ltr'><strong>Henricus</strong></span> <span class='ocrx_word' id='word_1_263' title='bbox 2431 3350 2506 3404; x_wconf 88' lang='lat' dir='ltr'><strong>ad</strong></span> 
     </span>
     <span class='ocr_line' id='line_1_31' title="bbox 164 3435 2504 3506; baseline 0.001 -18"><span class='ocrx_word' id='word_1_264' title='bbox 164 3452 365 3504; x_wconf 87' lang='lat' dir='ltr'><strong>pacem</strong></span> <span class='ocrx_word' id='word_1_265' title='bbox 390 3435 858 3506; x_wconf 84' lang='lat' dir='ltr'><strong>disciplinamque</strong></span> <span class='ocrx_word' id='word_1_266' title='bbox 881 3435 940 3489; x_wconf 89' lang='lat' dir='ltr'><strong>in</strong></span> <span class='ocrx_word' id='word_1_267' title='bbox 954 3436 1300 3490; x_wconf 78' lang='lat' dir='ltr'><strong>Lombardia</strong></span> <span class='ocrx_word' id='word_1_268' title='bbox 1323 3436 1590 3490; x_wconf 79' lang='lat' dir='ltr'><strong>tuendam</strong></span> <span class='ocrx_word' id='word_1_269' title='bbox 1610 3436 1959 3489; x_wconf 80' lang='lat' dir='ltr'><strong>instituerat:</strong></span> <span class='ocrx_word' id='word_1_270' title='bbox 1982 3435 2037 3487; x_wconf 91' lang='lat' dir='ltr'>D</span> <span class='ocrx_word' id='word_1_271' title='bbox 2057 3453 2088 3489; x_wconf 95' lang='lat' dir='ltr'><strong>o</strong></span> <span class='ocrx_word' id='word_1_272' title='bbox 2106 3451 2135 3488; x_wconf 90' lang='lat' dir='ltr'><strong>e</strong></span> <span class='ocrx_word' id='word_1_273' title='bbox 2152 3435 2263 3488; x_wconf 89' lang='lat' dir='ltr'><strong>nni</strong></span> <span class='ocrx_word' id='word_1_274' title='bbox 2278 3453 2358 3506; x_wconf 88' lang='lat' dir='ltr'><strong>ge</strong></span> <span class='ocrx_word' id='word_1_275' title='bbox 2377 3454 2402 3489; x_wconf 86' lang='lat' dir='ltr'><strong>s</strong></span> <span class='ocrx_word' id='word_1_276' title='bbox 2431 3437 2504 3504; x_wconf 91' lang='lat' dir='ltr'><strong>II,</strong></span> 
     </span>
     <span class='ocr_line' id='line_1_32' title="bbox 170 3519 2505 3593; baseline -0 -16"><span class='ocrx_word' id='word_1_277' title='bbox 170 3523 291 3581; x_wconf 88' lang='lat'><strong>139</strong></span> <span class='ocrx_word' id='word_1_278' title='bbox 340 3527 398 3575; x_wconf 87' lang='lat' dir='ltr'><strong>et</strong></span> <span class='ocrx_word' id='word_1_279' title='bbox 450 3521 839 3577; x_wconf 87' lang='lat' dir='ltr'><strong>Boehmer:</strong></span> <span class='ocrx_word' id='word_1_280' title='bbox 907 3539 1025 3593; x_wconf 86' lang='lat' dir='ltr'><strong>reg.</strong></span> <span class='ocrx_word' id='word_1_281' title='bbox 1080 3523 1298 3576; x_wconf 68' lang='lat' dir='ltr'><strong>reichss.</strong></span> <span class='ocrx_word' id='word_1_282' title='bbox 1344 3523 1419 3576; x_wconf 84' lang='lat' dir='ltr'><strong>ad</strong></span> <span class='ocrx_word' id='word_1_283' title='bbox 1464 3539 1514 3576; x_wconf 87' lang='lat' dir='ltr'><strong>a.</strong></span> <span class='ocrx_word' id='word_1_284' title='bbox 1558 3525 1718 3581; x_wconf 87' lang='lat'>1311</span> <span class='ocrx_word' id='word_1_285' title='bbox 1769 3540 1850 3575; x_wconf 87' lang='lat' dir='ltr'><strong>nr.</strong></span> <span class='ocrx_word' id='word_1_286' title='bbox 1889 3521 2039 3589; x_wconf 85' lang='lat'><strong>295,</strong></span> <span class='ocrx_word' id='word_1_287' title='bbox 2093 3538 2149 3590; x_wconf 89' lang='lat' dir='ltr'><strong>p.</strong></span> <span class='ocrx_word' id='word_1_288' title='bbox 2183 3522 2326 3580; x_wconf 85' lang='lat'><strong>378.</strong></span> <span class='ocrx_word' id='word_1_289' title='bbox 2417 3519 2505 3593; x_wconf 91' lang='lat' dir='ltr'><strong>(In</strong></span> 
     </span>
     <span class='ocr_line' id='line_1_33' title="bbox 163 3607 2506 3676; baseline 0.001 -15"><span class='ocrx_word' id='word_1_290' title='bbox 163 3607 497 3663; x_wconf 88' lang='lat' dir='ltr'><strong>bannitione</strong></span> <span class='ocrx_word' id='word_1_291' title='bbox 541 3608 895 3663; x_wconf 80' lang='lat' dir='ltr'><strong>Florentiae:</strong></span> <span class='ocrx_word' id='word_1_292' title='bbox 918 3609 1157 3662; x_wconf 76' lang='lat' dir='ltr'><strong>‘Pertz</strong></span> <span class='ocrx_word' id='word_1_293' title='bbox 1200 3608 1298 3676; x_wconf 82' lang='grc' dir='ltr'><strong>Π,</strong></span> <span class='ocrx_word' id='word_1_294' title='bbox 1332 3608 1475 3676; x_wconf 84' lang='grc'><strong>522,</strong></span> <span class='ocrx_word' id='word_1_295' title='bbox 1504 3607 1599 3661; x_wconf 88' lang='lat' dir='ltr'><strong>lin.</strong></span> <span class='ocrx_word' id='word_1_296' title='bbox 1623 3609 1704 3667; x_wconf 84' lang='lat'><strong>43</strong></span> <span class='ocrx_word' id='word_1_297' title='bbox 1740 3608 1909 3662; x_wconf 86' lang='lat' dir='ltr'><strong>etiam</strong></span> <span class='ocrx_word' id='word_1_298' title='bbox 1929 3607 2129 3660; x_wconf 84' lang='lat' dir='ltr'><strong>Petrus</strong></span> <span class='ocrx_word' id='word_1_299' title='bbox 2157 3607 2227 3662; x_wconf 89' lang='lat' dir='ltr'><strong>de</strong></span> <span class='ocrx_word' id='word_1_300' title='bbox 2253 3608 2506 3663; x_wconf 84' lang='lat' dir='ltr'><strong>Tuderto</strong></span> 
     </span>
     <span class='ocr_line' id='line_1_34' title="bbox 164 3693 2506 3766; baseline 0 -19"><span class='ocrx_word' id='word_1_301' title='bbox 164 3699 220 3747; x_wconf 90' lang='lat' dir='ltr'><strong>et</strong></span> <span class='ocrx_word' id='word_1_302' title='bbox 263 3694 529 3748; x_wconf 80' lang='lat' dir='ltr'><strong>Bartolus</strong></span> <span class='ocrx_word' id='word_1_303' title='bbox 577 3695 647 3748; x_wconf 88' lang='lat' dir='ltr'><strong>de</strong></span> <span class='ocrx_word' id='word_1_304' title='bbox 695 3693 957 3765; x_wconf 83' lang='lat' dir='ltr'><strong>Spolet0,</strong></span> <span class='ocrx_word' id='word_1_305' title='bbox 1002 3696 1187 3766; x_wconf 88' lang='lat' dir='ltr'><strong>legum</strong></span> <span class='ocrx_word' id='word_1_306' title='bbox 1233 3695 1524 3762; x_wconf 80' lang='lat' dir='ltr'><strong>doctores,</strong></span> <span class='ocrx_word' id='word_1_307' title='bbox 1569 3693 1744 3762; x_wconf 86' lang='lat' dir='ltr'><strong>„aule</strong></span> <span class='ocrx_word' id='word_1_308' title='bbox 1789 3698 1978 3747; x_wconf 86' lang='lat' dir='ltr'><strong>nostre</strong></span> <span class='ocrx_word' id='word_1_309' title='bbox 2020 3693 2232 3747; x_wconf 85' lang='lat' dir='ltr'><strong>iudices</strong></span> <span class='ocrx_word' id='word_1_310' title='bbox 2247 3694 2277 3722; x_wconf 84' lang='lat'><strong>‘⁴</strong></span> <span class='ocrx_word' id='word_1_311' title='bbox 2333 3697 2506 3747; x_wconf 87' lang='lat' dir='ltr'><strong>nomi·</strong></span> 
     </span>
     <span class='ocr_line' id='line_1_35' title="bbox 164 3779 2504 3849; baseline -0 -16"><span class='ocrx_word' id='word_1_312' title='bbox 164 3785 373 3834; x_wconf 85' lang='lat' dir='ltr'><strong>uantur</strong></span> <span class='ocrx_word' id='word_1_313' title='bbox 430 3795 612 3849; x_wconf 88' lang='lat' dir='ltr'><strong>aeque</strong></span> <span class='ocrx_word' id='word_1_314' title='bbox 664 3797 733 3835; x_wconf 89' lang='lat' dir='ltr'><strong>ac</strong></span> <span class='ocrx_word' id='word_1_315' title='bbox 778 3779 977 3835; x_wconf 83' lang='lat' dir='ltr'><strong>Salvus</strong></span> <span class='ocrx_word' id='word_1_316' title='bbox 1025 3781 1341 3835; x_wconf 81' lang='lat' dir='ltr'><strong>Pelacanus</strong></span> <span class='ocrx_word' id='word_1_317' title='bbox 1398 3780 1457 3834; x_wconf 88' lang='lat' dir='ltr'><strong>in</strong></span> <span class='ocrx_word' id='word_1_318' title='bbox 1517 3781 1628 3834; x_wconf 85' lang='lat' dir='ltr'><strong>alio</strong></span> <span class='ocrx_word' id='word_1_319' title='bbox 1688 3782 2019 3834; x_wconf 66' lang='lat' dir='ltr'><strong>document-2</strong></span> <span class='ocrx_word' id='word_1_320' title='bbox 2083 3784 2323 3832; x_wconf 61' lang='lat' dir='ltr'><strong>siimlfun</strong></span> <span class='ocrx_word' id='word_1_321' title='bbox 2375 3796 2504 3832; x_wconf 67' lang='lat' dir='ltr'><strong>wm-</strong></span> 
     </span>
     <span class='ocr_line' id='line_1_36' title="bbox 161 3865 2504 3939; baseline 0.001 -20"><span class='ocrx_word' id='word_1_322' title='bbox 161 3867 348 3934; x_wconf 74' lang='lat' dir='ltr'><strong>pOriS:</strong></span> <span class='ocrx_word' id='word_1_323' title='bbox 394 3866 627 3920; x_wconf 79' lang='lat' dir='ltr'><strong>Henrici</strong></span> <span class='ocrx_word' id='word_1_324' title='bbox 673 3867 798 3920; x_wconf 85' lang='lat' dir='ltr'><strong>VII.</strong></span> <span class='ocrx_word' id='word_1_325' title='bbox 841 3883 958 3938; x_wconf 76' lang='lat' dir='ltr'><strong>reg.</strong></span> <span class='ocrx_word' id='word_1_326' title='bbox 1003 3887 1085 3920; x_wconf 78' lang='lat' dir='ltr'><strong>nr.</strong></span> <span class='ocrx_word' id='word_1_327' title='bbox 1134 3868 1255 3924; x_wconf 80' lang='grc'><strong>653</strong></span> <span class='ocrx_word' id='word_1_328' title='bbox 1304 3868 1433 3920; x_wconf 78' lang='lat' dir='ltr'><strong>add.</strong></span> <span class='ocrx_word' id='word_1_329' title='bbox 1480 3868 1552 3920; x_wconf 87' lang='lat' dir='ltr'><strong>II.</strong></span> <span class='ocrx_word' id='word_1_330' title='bbox 1598 3885 1653 3936; x_wconf 89' lang='lat' dir='ltr'><strong>p.</strong></span> <span class='ocrx_word' id='word_1_331' title='bbox 1682 3865 1848 3939; x_wconf 72' lang='grc'><strong>418).</strong></span> <span class='ocrx_word' id='word_1_332' title='bbox 1895 3900 1974 3912; x_wconf 49' lang='lat' dir='ltr'><strong>v—</strong></span> <span class='ocrx_word' id='word_1_333' title='bbox 2043 3868 2111 3916; x_wconf 70' lang='grc' dir='ltr'><strong>ΗΙ</strong></span> <span class='ocrx_word' id='word_1_334' title='bbox 2139 3868 2363 3920; x_wconf 58' lang='lat' dir='ltr'><strong>ninius</strong></span> <span class='ocrx_word' id='word_1_335' title='bbox 2411 3888 2504 3920; x_wconf 70' lang='lat'>,¹1⁵1-</span> 
     </span>
     <span class='ocr_line' id='line_1_37' title="bbox 161 3952 2504 4024; baseline 0 -20"><span class='ocrx_word' id='word_1_336' title='bbox 161 3958 349 4018; x_wconf 75' lang='lat' dir='ltr'><strong>notat,</strong></span> <span class='ocrx_word' id='word_1_337' title='bbox 394 3952 714 4006; x_wconf 77' lang='lat' dir='ltr'><strong>Johannem</strong></span> <span class='ocrx_word' id='word_1_338' title='bbox 771 3952 949 4007; x_wconf 77' lang='lat' dir='ltr'><strong>nobili</strong></span> <span class='ocrx_word' id='word_1_339' title='bbox 993 3958 1163 4024; x_wconf 75' lang='lat' dir='ltr'><strong>gente</strong></span> <span class='ocrx_word' id='word_1_340' title='bbox 1221 3958 1472 4006; x_wconf 69' lang='lat' dir='ltr'><strong>exortum</strong></span> <span class='ocrx_word' id='word_1_341' title='bbox 1513 3953 1688 4007; x_wconf 75' lang='lat' dir='ltr'><strong>fuisse</strong></span> <span class='ocrx_word' id='word_1_342' title='bbox 1741 3959 1798 4008; x_wconf 79' lang='lat' dir='ltr'><strong>et</strong></span> <span class='ocrx_word' id='word_1_343' title='bbox 1854 3972 2047 4008; x_wconf 67' lang='grc' dir='ltr'><strong>ῙΈΉἾἯ.</strong></span> <span class='ocrx_word' id='word_1_344' title='bbox 2095 3956 2295 4004; x_wconf 51' lang='lat' dir='ltr'><strong>nubilis</strong></span> <span class='ocrx_word' id='word_1_345' title='bbox 2345 3956 2504 4004; x_wconf 57' lang='lat' dir='ltr'><strong>huius</strong></span> 
     </span>
     <span class='ocr_line' id='line_1_38' title="bbox 161 4037 2504 4110; baseline -0.001 -20"><span class='ocrx_word' id='word_1_346' title='bbox 161 4039 405 4092; x_wconf 84' lang='lat' dir='ltr'><strong>nominis</strong></span> <span class='ocrx_word' id='word_1_347' title='bbox 460 4039 673 4092; x_wconf 84' lang='lat' dir='ltr'><strong>familia</strong></span> <span class='ocrx_word' id='word_1_348' title='bbox 727 4055 873 4093; x_wconf 82' lang='lat' dir='ltr'><strong>saec.</strong></span> <span class='ocrx_word' id='word_1_349' title='bbox 930 4039 1085 4093; x_wconf 88' lang='lat' dir='ltr'><strong>XIV.</strong></span> <span class='ocrx_word' id='word_1_350' title='bbox 1142 4039 1200 4092; x_wconf 88' lang='lat' dir='ltr'><strong>in</strong></span> <span class='ocrx_word' id='word_1_351' title='bbox 1246 4038 1552 4094; x_wconf 79' lang='lat' dir='ltr'><strong>Germania</strong></span> <span class='ocrx_word' id='word_1_352' title='bbox 1607 4040 1796 4093; x_wconf 86' lang='lat' dir='ltr'><strong>floruit</strong></span> <span class='ocrx_word' id='word_1_353' title='bbox 1855 4037 2323 4110; x_wconf 45' lang='lat' dir='ltr'><strong>(isthmi-lor:</strong></span> <span class='ocrx_word' id='word_1_354' title='bbox 2379 4044 2504 4092; x_wconf 56' lang='lat' dir='ltr'><strong>lirh.</strong></span> 
     </span>
     <span class='ocr_line' id='line_1_39' title="bbox 160 4123 2504 4196; baseline 0 -20"><span class='ocrx_word' id='word_1_355' title='bbox 160 4123 290 4178; x_wconf 74' lang='lat' dir='ltr'><strong>hist.</strong></span> <span class='ocrx_word' id='word_1_356' title='bbox 333 4142 389 4194; x_wconf 83' lang='grc' dir='ltr'>Ρ</span> <span class='ocrx_word' id='word_1_357' title='bbox 413 4124 570 4193; x_wconf 72' lang='grc'><strong>2992,</strong></span> <span class='ocrx_word' id='word_1_358' title='bbox 619 4123 1029 4180; x_wconf 73' lang='lat' dir='ltr'><strong>Guenther:</strong></span> <span class='ocrx_word' id='word_1_359' title='bbox 1077 4127 1200 4179; x_wconf 81' lang='lat' dir='ltr'><strong>cod.</strong></span> <span class='ocrx_word' id='word_1_360' title='bbox 1246 4126 1381 4196; x_wconf 79' lang='lat' dir='ltr'><strong>dipl.</strong></span> <span class='ocrx_word' id='word_1_361' title='bbox 1425 4126 1532 4180; x_wconf 86' lang='lat' dir='ltr'><strong>Rh.</strong></span> <span class='ocrx_word' id='word_1_362' title='bbox 1564 4127 1638 4180; x_wconf 92' lang='lat' dir='ltr'><strong>M.</strong></span> <span class='ocrx_word' id='word_1_363' title='bbox 1667 4146 1721 4196; x_wconf 87' lang='lat' dir='ltr'><strong>p.</strong></span> <span class='ocrx_word' id='word_1_364' title='bbox 1749 4128 1890 4193; x_wconf 77' lang='lat'>663,</span> <span class='ocrx_word' id='word_1_365' title='bbox 1935 4128 2099 4184; x_wconf 52' lang='grc' dir='ltr'><strong>51111ζῖ</strong></span> <span class='ocrx_word' id='word_1_366' title='bbox 2147 4144 2327 4192; x_wconf 57' lang='grc' dir='ltr'><strong>ῑπημτῡ</strong></span> <span class='ocrx_word' id='word_1_367' title='bbox 2379 4144 2504 4176; x_wconf 54' lang='grc' dir='ltr'><strong>γῦπε</strong></span> 
     </span>
     <span class='ocr_line' id='line_1_40' title="bbox 159 4210 1947 4278; baseline 0 -14"><span class='ocrx_word' id='word_1_368' title='bbox 159 4215 410 4278; x_wconf 87' lang='lat' dir='ltr'><strong>constat,</strong></span> <span class='ocrx_word' id='word_1_369' title='bbox 456 4227 530 4265; x_wconf 81' lang='lat' dir='ltr'><strong>ex</strong></span> <span class='ocrx_word' id='word_1_370' title='bbox 560 4211 669 4265; x_wconf 88' lang='lat' dir='ltr'><strong>hac</strong></span> <span class='ocrx_word' id='word_1_371' title='bbox 712 4210 926 4265; x_wconf 85' lang='lat' dir='ltr'><strong>familia</strong></span> <span class='ocrx_word' id='word_1_372' title='bbox 969 4216 1151 4265; x_wconf 85' lang='lat' dir='ltr'><strong>ortum</strong></span> <span class='ocrx_word' id='word_1_373' title='bbox 1194 4211 1370 4266; x_wconf 84' lang='lat' dir='ltr'><strong>fuisse</strong></span> <span class='ocrx_word' id='word_1_374' title='bbox 1414 4212 1733 4267; x_wconf 84' lang='lat' dir='ltr'><strong>Johannem</strong></span> <span class='ocrx_word' id='word_1_375' title='bbox 1776 4212 1947 4266; x_wconf 79' lang='lat' dir='ltr'><strong>illum.</strong></span> 
     </span>
    </p>

    <p class='ocr_par' dir='ltr' id='par_1_9' title="bbox 159 4252 2500 4439">
     <span class='ocr_line' id='line_1_41' title="bbox 340 4252 2500 4369; baseline 0.001 -18"><span class='ocrx_word' id='word_1_376' title='bbox 340 4252 443 4369; x_wconf 80' lang='grc'><strong>12)</strong></span> <span class='ocrx_word' id='word_1_377' title='bbox 515 4295 1060 4368; x_wconf 83' lang='lat' dir='ltr'><strong>Senekenberg:</strong></span> <span class='ocrx_word' id='word_1_378' title='bbox 1105 4299 1175 4352; x_wconf 90' lang='lat' dir='ltr'><strong>de</strong></span> <span class='ocrx_word' id='word_1_379' title='bbox 1219 4298 1334 4353; x_wconf 84' lang='lat' dir='ltr'><strong>fab.</strong></span> <span class='ocrx_word' id='word_1_380' title='bbox 1379 4298 1495 4354; x_wconf 90' lang='lat' dir='ltr'><strong>iud.</strong></span> <span class='ocrx_word' id='word_1_381' title='bbox 1544 4299 1663 4353; x_wconf 88' lang='lat' dir='ltr'><strong>Pal.</strong></span> <span class='ocrx_word' id='word_1_382' title='bbox 1706 4317 1762 4369; x_wconf 97' lang='lat' dir='ltr'><strong>p.</strong></span> <span class='ocrx_word' id='word_1_383' title='bbox 1786 4300 1968 4358; x_wconf 79' lang='grc'><strong>136</strong></span> <span class='ocrx_word' id='word_1_384' title='bbox 1955 4316 2079 4352; x_wconf 77' lang='lat' dir='ltr'><strong>um</strong></span> <span class='ocrx_word' id='word_1_385' title='bbox 2123 4320 2171 4352; x_wconf 62' lang='lat' dir='ltr'><strong>a..</strong></span> <span class='ocrx_word' id='word_1_386' title='bbox 2211 4300 2366 4356; x_wconf 61' lang='lat'><strong>1314</strong></span> <span class='ocrx_word' id='word_1_387' title='bbox 2419 4306 2427 4360; x_wconf 85' lang='lat'><strong>[</strong></span> <span class='ocrx_word' id='word_1_388' title='bbox 2456 4300 2500 4364; x_wconf 48' lang='grc' dir='ltr'><strong>ἐξ]</strong></span> 
     </span>
     <span class='ocr_line' id='line_1_42' title="bbox 159 4382 1073 4453; baseline 0.001 -18"><span class='ocrx_word' id='word_1_389' title='bbox 159 4382 402 4436; x_wconf 86' lang='lat' dir='ltr'><strong>iudicem</strong></span> <span class='ocrx_word' id='word_1_390' title='bbox 445 4383 619 4438; x_wconf 81' lang='lat' dir='ltr'><strong>fiiisse</strong></span> <span class='ocrx_word' id='word_1_391' title='bbox 666 4391 1073 4453; x_wconf 75' lang='lat' dir='ltr'><strong>commemorat.</strong></span> 
     </span>
    </p>
   </div>
  </div>
 </body>
</html>
