3000 5084
817 406 839 469 4

246 595 337 654 sicuti
361 595 439 654 aliae
451 597 614 655 nonnullae
637 615 685 655 res
701 595 739 674 18)
763 597 846 675 regis
867 597 979 674 indicio
1001 601 1177 658 reservatae
1209 600 1308 671 erant,
1334 615 1433 675 quae

245 699 346 757 tamen
368 717 413 784 ex·
431 699 556 779 speciali
577 685 669 777 regis
682 700 822 760 mandato
845 701 946 759 comiti
968 700 1074 780 palatii
1089 701 1237 778 delegari
1264 701 1433 780 poterant.
1490 772 1492 780 Ι

140 798 143 802 ’
333 801 401 872 Quo
425 820 498 862 vero
520 803 619 880 magis
643 802 826 881 Carolinglci
854 804 972 882 imperii
992 798 1071 862 lines
1092 800 1362 885 propagabantur,
1385 822 1430 862 eo
1490 797 1492 840 ¹

246 904 392 984 ampliora
420 907 539 966 comitis
568 899 673 986 palatii
701 908 825 984 negotia
852 908 932 966 facta
961 910 1040 966 sunt.
1091 907 1294 978 Quamobrem
1320 911 1357 969 ut
1393 913 1431 964 et

248 1009 407 1088 cansarum
436 1009 535 1089 copia,
565 1027 642 1087 qnae
665 1009 704 1068 ad
730 1009 876 1089 palatium
898 1011 1123 1086 deferebantur,
1146 1011 1363 1076 diminueretur
1390 1013 1428 1067 et

246 1112 278 1170 in
305 1112 514 1172 remotioribus
542 1113 629 1190 regni
657 1113 793 1191 partibus
828 1113 1019 1190 litigantibus
1047 1114 1167 1188 liceret,
1201 1114 1339 1192 querelas
1380 1112 1426 1170 de

246 1215 439 1279 inferioribus
461 1215 580 1275 iudiciis
602 1215 723 1275 facilius
746 1235 802 1276 nec
823 1217 922 1275 minus
946 1215 1108 1277 efficaciter
1121 1218 1320 1297 interponere,
1340 1215 1423 1299 aliis
1493 1276 1494 1309 ,

246 1318 475 1396 magistratibus
505 1319 580 1378 iuris
610 1319 731 1378 dicandi
762 1320 892 1396 facultas
916 1320 1076 1380 commissa
1099 1323 1160 1398 cst,
1190 1339 1268 1400 qnae
1295 1319 1423 1379 comitis
1493 1384 1494 1395 ἶ

246 1421 351 1501 palatii
373 1423 555 1500 potestatem
577 1423 640 1482 fere
663 1423 880 1502 aequipararet.

332 1524 399 1584 Iam
427 1525 507 1584 enim
529 1516 762 1586 Merov'acorum
788 1525 974 1606 temporibus
1001 1527 1041 1586 ad
1069 1524 1191 1604 singula
1217 1527 1342 1606 negotia
1362 1527 1423 1585 ab·

169 1611 172 1618 ⁴
228 1628 394 1701 ‘solvenda
415 1629 612 1706 magistratus
635 1630 667 1689 in
688 1630 861 1708 provincias
883 1630 1088 1705 mittebantur,
1110 1630 1179 1705 sed,
1200 1649 1272 1690 num
1293 1633 1424 1710 praeter

140 1777 144 1784 .
247 1730 324 1790 alias
352 1749 402 1790 res
438 1731 675 1792 iurisdictionem
708 1735 800 1793 etiam
827 1733 974 1817 moderati
1004 1734 1080 1808 sint,
1121 1735 1215 1794 statui
1242 1733 1420 1812 neq'nit19).

248 1830 348 1893 Caroli
370 1833 475 1913 Magni
498 1839 599 1915 autem
621 1839 720 1896 aetate
742 1835 856 1909 missis,
880 1837 931 1916 qni
954 1821 1131 1896 dicebantur
1144 1835 1193 1913 ²⁰),
1215 1855 1277 1899 non
1298 1839 1424 1896 tantum

140 1965 145 1974 ·
247 1935 423 2013 videndum,
451 1941 486 1998 ut
507 1938 651 2000 universa
679 1959 779 1999 rerum
801 1939 1021 2000 administratio
1045 1941 1168 2007 strenue
1188 1958 1224 2000 ac
1251 1940 1424 2019 diligenter

246 2058 301 2118 per
323 2040 461 2118 singulos
482 2060 579 2122 pagos
602 2060 620 2101 a
642 2043 802 2102 comitibus
830 2043 931 2118 fieret,
960 2046 991 2102 et
1018 2043 1155 2122 inprimis
1184 2046 1218 2102 ut
1245 2043 1422 2104 iurisdictio

247 2135 305 2201 'rite
328 2146 521 2204 exerceretur
535 2133 585 2221 2⁴1)‚
609 2145 663 2204 sed
684 2145 775 2205 etiam
792 2136 840 2205 ins
858 2146 1017 2223 dicendum
1039 2149 1131 2225 atque
1153 2164 1207 2206 eae
1229 2166 1279 2206 res
1302 2129 1423 2209 discer-

169 2259 171 2264 ·
245 2246 363 2306 nendae
385 2252 478 2322 erant,
502 2264 580 2324 quae
601 2248 633 2306 in
656 2247 774 2308 comitis
796 2248 906 2307 iudiu‘o
929 2248 1086 2309 diiudicari
1104 2269 1165 2310 non
1186 2251 1326 2328 poterant
1346 2251 1424 2310 sive

246 2366 372 2426 quaram
390 2350 640 2428 disceptationem
668 2351 794 2411 comites
822 2351 1004 2412 recusabant
1032 2352 1099 2413 sive
1118 2354 1159 2429 de
1180 2353 1291 2431 quibus
1314 2335 1423 2431 litigass

159 2511 162 2518 ,
246 2454 345 2510 torum
367 2452 544 2513 detrimento
563 2449 642 2513 falsa
663 2455 726 2514 lata
744 2456 809 2514 erat
825 2436 1039 2533 sententian).
1085 2456 1169 2527 Quin
1186 2456 1277 2516 etiam
1291 2460 1424 2535 „poten-

230 2551 376 2614 'tierum“
398 2546 468 2616 lites
490 2557 522 2616 iu
546 2539 636 2617 suum
657 2557 800 2618 iudicium
822 2577 933 2618 vocare
955 2559 1066 2626 licebat
1087 2547 1205 2634 missis,
1231 2554 1278 2618 'ita
1304 2563 1448 2632 tamen,-

248 2786 337 2840 minus
359 2787 516 2856 potentium
536 2786 657 2841 iustitias
679 2787 825 2843 faciendas
848 2788 901 2842 sibi
920 2789 992 2843 sciat
1012 2804 1074 2848 esse
1096 2789 1278 2842 vacandum.“
1304 2788 1423 2843 Deboc

248 2873 311 2926 loco
334 2871 384 2927 cfr.
406 2873 591 2928 Eicbborn
614 2874 640 2942 Ι,
662 2873 688 2944 ξ.
703 2875 765 2932 164
786 2879 859 2943 not.;
882 2873 1036 2930 Stobbe:
1058 2876 1178 2928 zeitschr.
1191 2876 1252 2929 XV.
1274 2875 1365 2944 pat.

266 2988 268 2992 ·
336 2955 387 3028 18)
409 2958 581 3014 Hincmar
602 2947 638 3014 de
661 2961 720 3016 ord.
742 2961 799 3031 pal.
823 2979 849 3018 c.
867 2963 905 3018 21
930 2961 960 3015 in
980 2960 1045 3014 fine.

337 3042 388 3114 19)
410 3045 490 3099 Missi
512 3047 547 3099 de
569 3046 676 3117 palatio
698 3052 795 3118 nostro
819 3047 1032 3114 discurrentes,
1048 3047 1126 3102 missi
1148 3047 1237 3100 nostri
1259 3045 1422 3100 discurren-

247 3135 305 3183 tes:
337 3131 456 3186 Waltz
484 3132 527 3200 fl,
560 3133 623 3192 344
642 3151 717 3204 aqq.;
751 3133 934 3188 Eicbborn
960 3135 989 3201 I,
1020 3133 1047 3202 ξ.
1066 3135 1122 3202 87,
1163 3133 1317 3188 Daniele
1348 3151 1370 3186 r.
1389 3152 1421 3204 g,

248 3215 348 3285 §.172
371 3223 428 3272 not
443 3220 469 3275 1.
1049 3271 1053 3281 .
1090 3274 1093 3279 .

318 3303 321 3309 '
340 3301 392 3374 20)
414 3303 598 3361 Eicbborn
615 3306 642 3373 l,
665 3305 709 3376 ἐξ.
730 3307 790 3363 137
803 3310 832 3358 ct
851 3305 927 3373 160,
949 3304 1160 3376 Doennigas
1176 3306 1219 3372 Π,
1238 3293 1268 3375 p.
1281 3305 1320 3363 68
1338 3321 1420 3374 sqq,;

253 3383 380 3462 Zoepfl
396 3390 423 3460 ξ.
436 3391 495 3459 38,
514 3396 571 3444 not.
585 3393 707 3461 22,23,
729 3391 868 3446 Walter
884 3391 910 3461 §.
927 3391 1003 3460 125,
1024 3392 1142 3472 61128,
1164 3391 1295 3445 Riedel
1317 3410 1345 3461 p.
1359 3390 1419 3459 55,

249 3475 403 3531 Daniele
425 3477 444 3532 l.
456 3495 480 3532 c.
494 3495 521 3547 p.
535 3479 596 3536 587
610 3495 670 3548 sqq.
941 3507 944 3511 ·

336 3560 388 3632 21)
412 3562 506 3618 Caroli
528 3563 564 3618 M.
589 3581 652 3634 cap.¹
670 3564 731 3620 779
756 3582 779 3618 c.
801 3566 856 3632 21,
878 3563 997 3634 'Pippini
1020 3579 1080 3632 cap.
1103 3563 1233 3634 Langob.
1252 3562 1313 3618 786
1336 3579 1360 3615 c.
1380 3562 1419 3630 8.,

186 3657 187 3660 ’
239 3665 311 3718 ¹cap.
333 3647 465 3722 Aquisgr.
485 3650 547 3707 802
577 3668 599 3704 e.
621 3649 676 3719 25,
702 3667 775 3720 cap.
797 3649 872 3702 miss.
894 3651 960 3704 dom
983 3650 1009 3702 d.
1029 3650 1106 3716 802,
1131 3634 1198 3717 cap.
1220 3663 1277 3720 exe.
1305 3662 1330 3698 a.
1352 3647 1417 3703 802

135 3761 137 3766 ·
250 3733 344 3804 659,
367 3753 429 3806 cap.
453 3736 528 3806 dupl.
545 3738 622 3805 806,
646 3752 708 3806 cap.
729 3735 936 3806 Aquisgr.810
965 3753 989 3789 c.
1002 3737 1036 3802 2,
1060 3752 1122 3804 cap.
1145 3730 1180 3788 de
1198 3732 1322 3794 iustam.
1336 3730 1417 3801 810,

249 3837 311 3890 cap.
335 3821 493 3877 Hlndowioi
515 3822 536 3876 1.
565 3821 698 3893 Aquisga
727 3839 754 3877 a.
774 3822 837 3899 825Ι
873 3813 966 3878 c.14.
1019 3817 1075 3873 afr.
1105 3836 1166 3888 cap.
1188 3818 1274 3871 m.·d.
1302 3834 1328 3871 a.
1352 3816 1415 3875 806

250 3925 274 3963 a.
286 3910 322 3976 -1,
346 3926 408 3978 cap.
422 3908 554 3986 Aquisgr.
567 3909 644 3975 828,
667 3907 774 3962 Worm.
790 3907 867 3975 829,
890 3925 951 3977 cap.
973 3906 1047 3959 miss.
1070 3923 1096 3960 a.
1109 3905 1187 3974 853,
1210 3903 1368 3959 Hludowiei
1379 3904 1415 3957 11.
1493 3930 1494 3963 ι

250 4011 275 4049 a.
294 3993 356 4052 855
375 3999 404 4048 et
421 3994 476 4063 563
507 3993 600 4048 Caroli
622 3994 658 4047 11.
694 4008 774 4048 conv.
804 3991 905 4046 Silvae.
929 4009 954 4046 a.
972 3990 1051 4060 853,
1078 3988 1194 4064 paetum
1215 3991 1327 4045 rusiae.
1353 3989 1419 4059 865Ι

250 4090 273 4135 e:
298 4083 353 4139 12:
375 4081 480 4134 Perta
503 4079 544 4146 II,
568 4079 623 4146 38,
654 4079 702 4146 51,
733 4078 782 4144 94,
812 4078 861 4146 97,
891 4079 960 4147 101,
990 4079 1045 4146 43,
1075 4079 1131 4148 62,
1160 4079 1215 4146 63,
1244 4078 1322 4145 244,
1347 4076 1415 4142 137,

251 4167 322 4236 328,
346 4166 401 4235 54,
424 4165 502 4233 418,
526 4165 580 4232 23,
605 4165 660 4232 34,
684 4165 734 4233 37,
758 4164 829 4222 502.

286 4272 287 4275 ’
337 4249 389 4321 22)
418 4249 485 4320 Cap.
511 4249 611 4305 Saxou.
634 4268 659 4304 a.
674 4251 733 4314 797
757 4252 829 4326 (1.4,
852 4237 984 4323 Aq'uisgr.
1007 4269 1032 4305 a.
1053 4251 1116 4309 812
1140 4269 1164 4305 c.
1184 4251 1203 4307 8
1223 4254 1252 4303 et
1272 4250 1326 4317 12,
1348 4242 1416 4300 Hlu·

251 4337 393 4392 donicil.
416 4353 477 4406 cap.
500 4355 535 4390 m.
558 4335 585 4390 d.
608 4355 633 4392 a.
652 4337 713 4395 817
737 4355 760 4392 c.
781 4340 815 4406 1,
839 4355 901 4408 cap,
923 4338 997 4392 mise.
1020 4355 1045 4392 a.
1066 4336 1128 4394 825
1153 4355 1177 4391 c.
1196 4338 1231 4393 a:
1266 4335 1372 4388 Perta
1393 4334 1414 4400 Ι,

132 4412 136 4420 ’
252 4425 300 4492 76,
325 4424 400 4493 174,
424 4423 500 4493 216,
525 4424 595 4482 247.
