3000 5084
611 368 653 430 89

55 559 244 618 inadversura
256 559 373 630 esseni;
396 557 428 616 in
441 556 524 629 ouria
540 557 622 636 regis
635 557 684 617 ius
702 555 851 636 petiturus
862 575 988 635 magnas
998 559 1173 620 incurrebat
1186 559 1217 618 in

57 661 254 736 difficultates,
275 661 429 740 aliquanto
453 664 553 720 autem
574 658 763 738 ¹augebantur
782 642 1001 740 impedimenta,
1025 667 1052 721 si
1067 662 1114 721 ius
1129 663 1218 743 adep-

56 776 100 822 tus
129 763 267 824 effectum
294 764 332 823 iri
359 765 490 825 volebat.
536 763 624 835 Quae
653 764 943 843 si'respexerimus,
973 765 1046 843 quid
1069 768 1115 824 est
1138 765 1218 843 quod

56 868 199 943 miremur,
221 868 360 928 homines
376 868 475 946 magis
493 868 632 934 idoneam
648 867 826 928 iudiciorum
844 868 1024 942 libertatem,
1048 869 1217 928 severiores

56 971 247 1032 iurisdicundi
265 972 361 1048 leges,
384 971 571 1057 superiorum
587 971 765 1031 iudiciorum
782 971 1019 1050 praesentiorem
1029 972 1218 1031 desiderasse

56 1076 225 1152 potestatem
237 1072 296 1152 ³⁵)?
340 1075 459 1144 Quibus
483 1074 641 1134 desideriis
662 1094 755 1152 quum
783 1074 927 1134 iudioium
950 1092 1023 1134 cam„
1049 1076 1151 1154 imper.
1175 1075 1218 1133 in-

58 1177 189 1236 stitutum
210 1177 415 1257 responderet,
440 1177 530 1237 etiarn
552 1160 700 1237 faidarrim
722 1178 770 1239 ius
793 1197 848 1258 per
870 1179 966 1238 totum
988 1178 1146 1257 imperium
1168 1198 1218 1239 ve
1283 1228 1286 1234 .

25 1280 232 1360 esposuit.
1167 1274 1171 1282 '

296 1436 362 1444 *-

136 1524 187 1591 35)
221 1527 348 1586 A.1451
369 1534 536 1597 proourator
553 1528 674 1583 civitatis
686 1528 833 1587 Francos„
855 1528 904 1597 qui
919 1543 972 1598 per
983 1528 1098 1598 longum
1109 1534 1219 1598 tempus

55 1611 81 1662 in
102 1609 179 1665 ouria
200 1614 275 1686 regis
296 1620 420 1668 moratus
443 1619 512 1681 erat,
535 1614 645 1668 senatui
668 1614 790 1669 civitatis
809 1615 879 1669 haee
892 1613 1018 1684 scripsit:
1041 1615 1141 1682 „Wao
1162 1616 1220 1668 ihr

56 1698 135 1750 euch
167 1701 231 1754 mit
262 1718 372 1754 eureio
405 1719 590 1755 umoaooen
622 1710 816 1770 vertrayeu
845 1702 918 1754 und
945 1701 1072 1769 leyden
1093 1707 1219 1770 mdqet,

56 1801 122 1850 isay
151 1784 275 1840 besses·
296 1806 390 1856 seyr,
418 1790 512 1844 dario
542 1796 637 1841 trost
663 1788 1003 1855 uud⁰ausrichtuo9
1033 1788 1094 1840 deo
1115 1789 1221 1841 hoves

55 1873 283 2024 ΞυΒεῖτὲοΙιεηὝ
317 1867 562 1943 Harp'preoht
584 1873 612 1940 1,
635 1875 697 1927 ouh.
719 1872 745 1940 ξ.
760 1874 814 1940 16,
836 1890 863 1942 p.
877 1873 939 1932 300
964 1877 993 1925 et
1013 1874 1094 1930 orlod.
1116 1891 1157 1926 nr.
1172 1875 1220 1942 60,
