3000 5084
590 435 610 441 .-
670 348 710 409 st

101 522 216 610 lade‘²;
238 539 330 604 60161
353 537 435 616 Meg.
459 537 579 601 61281
602 558 626 598 6.
644 537 697 610 15;
718 543 810 618 60161.
823 538 907 618 pacis
930 537 1169 612 6128161171
1186 537 1275 598 Perta

103 642 147 702 ΙΙ.
162 640 256 722 435,
274 641 332 716 39,
354 640 404 714 51.
677 722 679 725 Ι

195 743 252 804 IX.
286 743 392 806 Banno
414 743 523 805 deinde
546 745 646 804 soluto
668 733 805 804 10161116
827 745 948 804 nomina
964 744 1172 804 absolutorum
1190 745 1220 802 et
1230 761 1277 802 ac·
1357 747 1361 754 ”

104 847 193 922 toris,
207 851 336 907 causam
347 850 437 926 atqpe
458 847 538 907 diem
558 847 750 908 liberationis
772 865 900 908 necnon
922 847 1135 907 fideiussorum
1156 845 1278 906 nomina

106 950 502 1031 proscriptorumiudieibus
520 950 655 1026 inserere
672 950 815 1010 debebat:
839 953 930 1010 coust.
945 949 1026 1028 Meg.
1051 949 1138 1024 615,
1157 947 1277 1008 Albcrti

105 1050 203 1133 'conat
225 1053 352 1116 61298
375 1054 466 1116 637.
510 1053 579 1124 Quo
602 1055 696 1129 16610,
725 1054 777 1114 ubi
799 1055 899 1114 banno
918 1052 1098 1133 proscriptio
1121 1069 1277 1132 praecess-

103 1159 184 1231 erat,
207 1156 327 1223 litterae
342 1157 426 1238 regis
442 1157 530 1234 signo
540 1158 683 1235 signatae
702 1157 945 1232 conficiebantur,
966 1157 1075 1236 quibus
1089 1155 1276 1236 proscriptus

108 1259 201 1319 iudici
223 1278 278 1318 suo
299 1259 457 1342 probaret,
471 1260 571 1320 banno
593 1261 679 1338 regio
702 1280 737 1320 se
760 1279 829 1319 6666
851 1260 1023 1320 liberatum:
1047 1258 1096 1338 Sp.
1121 1258 1191 1318 Sar.
1216 1256 1276 1330 Ill.

110 1363 151 1426 34
172 1367 200 1437 ξ.
214 1364 245 1436 1,
268 1363 316 1422 ius
338 1382 422 1441 prov.
446 1361 495 1422 Al.
521 1363 591 1425 285.

195 1452 237 1524 X.
271 1464 390 1535 Quodsi
410 1468 598 1546 reputamus,
621 1485 700 1545 quae
721 1466 901 1526 detrimenta
923 1466 1038 1542 statim,
1060 1464 1278 1545 proscriptione
1363 1466 1378 1479 ”

108 1569 310 1648 pronuntiata,
338 1571 525 1642 6661166111
546 1588 683 1648 quaeque
705 1571 767 1629 alia
788 1569 820 1629 in
842 1590 927 1631 reum
940 1569 1100 1630 inciderint
1118 1569 1217 1627 banno
1235 1568 1278 1627 iu·

108 1676 156 1732 tra
177 1671 250 1732 6111
272 1673 362 1750 atque
384 1673 500 1733 dierum
520 1673 724 1750 legitimorum
741 1657 876 1754 'spatium
898 1669 967 1732 non
982 1673 1117 1746 sublato,
1145 1672 1277 1752 proiecte

78 1806 84 1814 ·
109 1775 188 1839 nihil
209 1774 308 1854 aptius
330 1794 399 1835 ease
421 1777 549 1851 videtur,
571 1789 631 1854 quo
647 1795 718 1836 reus
735 1779 769 1836 ut
784 1777 885 1854 legem
901 1777 1015 1836 laesam
1033 1776 1172 1854 expiaret
1188 1777 1279 1852 atqua

109 1878 208 1938 actori
225 1878 413 1944 satisfaceret
430 1879 514 1978 adigi
533 1880 672 1958 potuerit,
694 1898 786 1957 quam
803 1878 984 1958 proscriptio
997 1883 1027 1938 61
1037 1879 1154 1938 bannus
1166 1877 1278 1955 regius.
1355 1903 1358 1910 ’

109 1981 257 2043 Attamen
279 1981 336 2042 1166
357 2000 478 2060 quoquc
505 2000 621 2062 poenae
648 1983 777 2042 multum
798 1983 836 2044 de
848 1981 1145 2064 auctoritateatquc
1168 1981 1279 2040 deterr-

111 2085 182 2145 endi
204 2086 245 2153 vi.
258 2105 316 2144 usu
338 2085 507 2164 perdidisse
529 2085 685 2161 videntur,
708 2105 801 2164 quum
822 2085 904 2146 haud
924 2103 992 2144 raro
1014 2104 1084 2144 reos
1106 2103 1161 2165 per
1183 2101 1278 2143 annos

110 2190 212 2248 banno
235 2189 399 2250 obstrictos
420 2189 622 2267 reperiamus,
645 2175 787 2251 omnibus,
807 2189 926 2249 iudiciis
947 2189 1153 2267 refragantes,
1182 2189 1224 2247 116
1247 2191 1280 2247 11

109 2291 218 2352 multis
240 2291 328 2353 annis
346 2291 517 2371 praeteritis
532 2292 571 2352 ad
585 2292 698 2353 iudicia
711 2292 919 2353 ecclesiastica
935 2291 1169 2371 confugiendum
1187 2295 1287 2363 66661,

112 2414 191 2474 quae
213 2395 522 2455 excommunicatione
549 2401 755 2461 contumacem
783 2397 1012 2475 compellerent,
1041 2399 1075 2455 ut
1101 2395 1133 2454 id
1159 2395 1279 2468 1666161,
1366 2423 1367 2426 ¹

113 2498 195 2576 quod
217 2497 386 2559 saecularia
407 2497 520 2558 iudicia
539 2499 652 2558 frustra
673 2498 891 2577 voluerantll).
936 2499 1023 2569 Quae
1045 2497 1093 2557 166
1116 2517 1151 2557 60
1164 2501 1280 2557 tantum

114 2599 261 2681 explicari
272 2602 382 2681 potest,
405 2602 983 2679 61611111161116110166011161116116,
1000 2601 1176 2682 praesertim
1189 2621 1293 2684 quum

114 2705 300 2784 potentiores
323 2708 433 2779 essent,
456 2724 493 2765 ea
512 2706 701 2766 incommoda
722 2704 829 2764 afferre
851 2705 1037 2778 dubitabant,
1060 2723 1137 2782 quae
1158 2723 1198 2764 ex
1214 2723 1280 2783 pro·
1362 2703 1363 2706 ’

86 2877 89 2880 ,
114 2807 279 2887 scriptione
301 2807 497 2878 eveniebant3
512 2843 547 2852 -—
561 2809 644 2887 quod
664 2810 753 2887 p'orro
776 2801 975 2882 condemnati,
998 2807 1062 2868 suis
1085 2807 1192 2886 opibus
1211 2808 1281 2866 freti

113 2912 181 2970 sire
203 2929 222 2970 6
240 2910 465 2990 ,potentioribus
487 2912 578 2971 sociis
601 2911 711 2986 adiuti,
739 2911 918 2972 iudiciorum
940 2909 1140 2990 imperialium
1162 2907 1298 2975 se‘uteu-v
1337 2945 1343 2956 ι
1455 2913 1458 2920 ’

113 3015 172 3074 1166
195 3016 226 3073 61
247 3015 368 3081 decreta
390 3000 585 3093 spernebant,
613 3017 704 3094 atque
733 3015 863 3094 denique
892 3016 972 3094 quod
1000 3014 1110 3077 iudicia
1137 3015 1193 3073 illa
1215 3033 1282 3076 auc·

98 3111 236 3177 10111616
257 3135 294 3176 66
314 3117 508 3196 potentiaque
530 3119 681 3193 carebant,
704 3119 792 3179 utin
814 3120 917 3196 legum
940 3119 1142 3178 contemtores
1165 3137 1283 3203 eaque

114 3241 190 3300 opus
219 3222 284 3280 erat
302 3214 476 3283 'severitate
504 3221 781 3282 animadverterent
793 3221 840 3299 ³⁰).
892 3221 1000 3300 Neque
1028 3221 1283 3299 omninonegart

113 3327 222 3404 potest,
243 3324 422 3384 uniuersum
443 3321 581 3384 ordinem
603 3325 795 3386 iudiciariam
813 3326 914 3386 curiae
935 3325 1038 3403 regiae
1051 3325 1170 3402 magnis
1185 3326 1284 3386 labor·
1308 3307 1311 3312 ¹

114 3445 183 3486 asse
205 3427 380 3487 defectibus.
424 3426 491 3487 Iam
513 3428 593 3487 enim
614 3429 698 3488 haud·
717 3447 822 3508 parum
839 3428 1018 3488 incommodi
1033 3428 1181 3507 praebuit,
1204 3430 1283 3508 quod
1327 3414 1330 3420 ¹

113 3518 345 3592 iudicium‘ncn
374 3530 478 3590 eodem
506 3531 574 3590 1006
604 3550 723 3612 semper
742 3534 823 3606 erat,
851 3532 905 3591 sed
933 3531 1044 3591 curiam
1073 3531 1154 3610 regis
1179 3535 1284 3612 seque-

202 3739 254 3813 29)
289 3741 323 3796 Α.
355 3742 435 3802 1357
467 3742 586 3797 comites
620 3744 654 3796 de
684 3743 825 3798 Waldeck
848 3733 887 3797 11
920 3745 996 3798 bona
1023 3744 1168 3799 Wilhelmi
1205 3745 1283 3800 ducis

114 3827 326 3882 Brunsvicensis
348 3828 582 3897 immittebantur,
611 3846 637 3883 a.
658 3831 737 3889 1361
769 3830 846 3884 aliud
874 3831 1018 3892 decretum
1045 3831 1080 3885 de
1103 3831 1284 3896 immittendis

74 3905 77 3910 ⁸
115 3903 258 3970 actoribus
297 3915 469 3984 sequebatur
501 3915 637 3984 simulque
670 3931 735 3969 reus
769 3915 917 3978 aAOarolo
945 3918 995 3972 IV.
1028 3917 1201 3987 proscriptus
1235 3922 1284 3984 est,

115 4018 141 4057 a.
159 4001 242 4059 1366
265 4006 360 4055 autem
381 4019 431 4056 rex
452 4001 615 4073 episcopum
637 4003 813 4059 Mindensem
840 4003 922 4069 adiit,
950 3989 989 4056 11·
1009 4004 1109 4058 ducem
1132 4020 1285 4058 excommu-

116 4087 244 4154 nicaret,-
265 4089 328 4154 „da
350 4089 401 4141 der
422 4117 463 4127 -—
479 4089 682 4156 frevertlirbea
700 4091 774 4146 mehr
795 4091 867 4144 (1666
889 4090 934 4143 iar
962 4091 1021 4142 aad
1043 4099 1090 4159 taq
1112 4091 1141 4142 16
1163 4092 1211 4144 der
1232 4091 1286 4144 1161-
1347 4160 1350 4165 Δ

58 4171 62 4180 “
84 4223 88 4230 ,
116 4174 189 4242 11966
209 4173 358 4227 1111666166
380 4175 482 4238 reicies
505 4176 635 4231 arbtbacb
657 4177 826 4246 peretricbea
853 4175 960 4230 atebet.“
1012 4176 1155 4247 Lueuig
1178 4177 1296 4251 XXIII,

119 4278 145 4328 p.
159 4260 243 4316 1424
258 4276 319 4330 sqq.

160 4342 162 4345 ’
206 4342 257 4414 30)
290 4347 333 4400 Ex
361 4346 463 4416 quibus
493 4347 576 4401 etiam
605 4316 773 4416 explicatur,
810 4350 886 4418 quod
920 4348 957 4405 11,
977 4349 1180 4419 posterioribus
1208 4350 1287 4420 pacis
