3000 5084
542 396 679 460 ’95

64 572 163 667 prou,
188 579 328 648 fidelibus
341 587 415 662 suis,
430 586 565 664 'gratiam
587 565 624 645 et
639 604 727 645 omne
743 585 862 646 bonum.
906 582 1114 644 Adtendentes
1132 573 1242 667 devote

65 692 227 770 obsequia,
249 711 308 770 que
329 689 528 750 Reimboldus
549 687 768 765 Liebenceiler,
789 686 1241 766 milesrtrgentinensis,nobis

66 795 211 856 exhibuit
238 813 274 855 ac
291 795 416 854 ‘iabores
437 793 609 867 universos,
636 811 695 871 que
718 791 810 851 subiit
827 793 859 852 in
880 791 997 870 imperii
1019 793 1155 870 negociis
1175 812 1257 873 pro--

65 878 242 977 sequendis,
255 897 429 977 discretioni
440 888 542 957 uestre
551 895 771 968 committimus,
788 897 935 973 quatenus
947 894 1070 955 devilia
1082 895 1242 957 Trenheim

67 982 137 1062 cum
161 1000 380 1081 appendicibus
402 1001 466 1060 suis
496 1036 519 1043 -ψ
552 999 581 1058 81
603 998 819 1058 satisfaciatis“
835 997 882 1075 11).
1200 981 1203 987 ’

156 1092 290 1185 Adclfns
304 1087 308 1095 ’
324 1102 429 1180 regem
454 1103 486 1161 in
514 1102 651 1161 omnibns
680 1101 922 1180 expeditionibus
953 1102 1110 1162 comitatus
1139 1105 1185 1163 est
1212 1089 1256 1163 et'

68 1207 314 1286 frequentissime
331 1201 373 1266 'in
398 1205 587 1266 insumentis
615 1205 681 1264 eius
702 1206 949 1264 commemoratur
963 1203 1023 1282 11)..
1049 1191 1158 1276 Quam·
1176 1207 1242 1267 dili·
1285 1185 1289 1194 Ι

68 1310 359 1420 gentissime-regis
388 1311 490 1388 partes
512 1308 697 1382 sectabatur,
726 1309 760 1367 ut
788 1309 853 1367 iure
875 1327 943 1366 eum
965 1306 1149 1368 Wilh'elmus
1164 1291 1242 1385 „ca-

68 1407 226 1472 rissinium
243 1412 422 1472 familiarem
435 1411 619 1472 etiidelem“
629 1429 740 1472 vocare
739 1409 815 1488 111).
848 1409 924 1470 Inde
942 1430 979 1470 m
993 1410 1102 1472 aNov.
1119 1431 1144 1472 a
1160 1412 1241 1477 1255
1310 1394 1313 1400 ’
1342 1453 1344 1458 ·

68 1517 191 1576 comitis
218 1535 279 1575 non
302 1515 433 1596 amplius
460 1515 635 1574 mentiot
601 1514 635 1574 iit
663 1516 754 1593 atque
774 1533 812 1574 m.
836 1513 924 1573 Febr.
947 1533 975 1578 a
974 1515 1149 1593 sequentis
1169 1535 1242 1594 rege

59 1620 213 1708 Ι(18188818
229 1618 268 1697 11)
292 1618 370 1680 offi
345 1637 422 1680 rum
444 1619 510 1678 eins
532 1638 573 1680 ex
594 1617 662 1677 iure
683 1617 775 1713 finem
797 1617 882 1697 cepit

511 1818 513 1821 ,
616 1872 753 1954 Μ

115 2019 138 2029 ’
157 2030 280 2092 Mortuo
302 2017 471 2091 Wilhelmo
499 2030 671 2091 tristissima
697 2030 752 2089 illa
781 2027 956 2106 interregni
974 2031 1109 2110 tempora
1126 2051 1242 2110 seque-

71 2134 190 2192 bantur.
241 2133 301 2194 Per
321 2134 431 2211 viginti
460 2135 523 2194 fere
545 2152 640 2194 annos
662 2152 803 2210 regnum,
834 2125 1029 2192 abhostibus
1056 2136 1190 2194 externis
1213 2142 1243 2196 et

70 2235 200 2296 internis
227 2238 371 2297 vexatum
400 2225 491 2315 atque
516 2237 725 2312 dilaceratum,
755 2235 957 2313 gubernatore
984 2237 1117 2312 carebat,
1151 2259 1242 2316 quum
1313 2233 1316 2238 ’

71 2339 227 2418 peregrini
246 2340 294 2400 ilii
317 2359 420 2418 reges,
449 2360 490 2400 ex
510 2336 674 2400 factionum
695 2339 820 2398 discidio
845 2339 916 2414 orti,
945 2339 1129 2419 reipublicae
1152 2342 1243 2402 saluti

72 2443 234 2504 consulere
263 2461 319 2502 nec
347 2448 472 2525 possent
498 2461 554 2502 nec
581 2443 698 2502 vellent
713 2442 743 2519 1.)
790 2441 878 2502 Omni
907 2461 976 2522 spa·
977 2443 1135 2605 tpristinae
1156 2444 1241 2504 disci·
1333 2494 1337 2502 .

72 2545 177 2624 piinae
204 2546 372 2623 salutisque
402 2546 609 2633 restituendae
641 2548 732 2624 atque
756 2546 892 2604 securita
891 2546 977 2605 tiss
977 2547 1093 2626 tpecis
1115 2547 1243 2608 'redinte-
1284 2581 1288 2589 =

72 2648 208 2724 gandae
230 2648 388 2724 sublata,⁸
379 2665 427 2710 ms
449 2651 480 2709 et
500 2628 614 2708 institia
635 2667 759 2728 prorsus
781 2665 821 2707 ex
843 2648 996 2708 hominum
1013 2653 1176 2729 conspectu
1198 2671 1243 2710 re·
1297 2650 1298 2654 ’
1358 2645 1360 2649 ’

72 2753 155 2812 mota
176 2751 363 2812 videbantur.
408 2750 469 2813 Sed
495 2771 597 2812 rerum
624 2754 721 2812 status
748 2769 873 2831 prorsus
900 2753 1031 2820 mutatus
1060 2755 1122 2828 est,
1152 2773 1244 2832 quum

73 2855 122 2914 die
146 2854 225 2913 festo
246 2853 305 2915 Set.
316 2853 477 2915 Michaelis
497 2873 522 2914 a.
538 2855 621 2918 1213
642 2855 795 2916 Rndolfus
814 2853 831 2912 I
852 2873 908 2914 rex
930 2857 1095 2932 crearetur,
1116 2857 1168 2935 qui
1189 2876 1246 2936 per

73 2957 185 3034 viginti
213 2957 278 3037 fere
305 2976 400 3018 annos
427 2959 550 3018 strenue
578 2963 669 3037 etque
696 2959 868 3018 constanter
892 2977 1020 3036 regnum
1048 2959 1243 3037 gubernabat.
1311 2969 1313 2972 ’

74 3060 138 3131 Qui
160 3061 308 3138 quomodo
331 3062 369 3120 de
390 3079 475 3141 pace,
498 3061 726 3136 deseeuritate,
748 3060 864 3120 iustitia
885 3062 1071 3122 restituenda
1092 3064 1243 3140 meruerit,
1267 3117 1269 3122 .
1340 3056 1342 3062 ’

74 3165 143 3242 quis
161 3166 215 3238 est,
238 3164 290 3243 qui
305 3164 433 3241 ignoret.
478 3164 615 3224 Maxima
637 3184 710 3226 vero
732 3151 891 3242 diligentia
911 3165 943 3224 id
966 3165 1036 3244 egit,
1059 3168 1093 3226 ut
1110 3167 1184 3226 iuris
1202 3169 1245 3228 at-

139 3362 217 3443 '11)
253 3373 560 3474 scampina-Ars
570 3376 672 3445 diptl,
683 3395 724 3430 nr
734 3375 805 3442 ιιι,
816 3393 844 3446 p.
857 3377 928 3434 (ιι
950 3377 987 3441 D.
997 3378 1028 3433 ι.
1041 3380 1088 3435 ιι.
1096 3397 1131 3431 m.
1139 3378 1244 3434 uovor
1305 3432 1307 3438 .

78 3460 162 3520 1255
184 3461 215 3514 in
236 3457 368 3516 Treiecto
390 3461 499 3516 minori.
543 3461 599 3518 Otr
620 3467 724 3533 regest.
745 3481 787 3516 nr.
800 3462 875 3530 286,
897 3463 987 3532 1236

164 3544 216 3616 12)
248 3547 362 3618 Regest
386 3544 725 3619 95(8.1250),·1,15,
751 3548 805 3616 18,
829 3548 884 3616 23,
908 3550 962 3615 26,
986 3549 1040 3618 28,
1064 3549 1101 3607 51
1128 3547 1245 3672 (1251),

78 3633 148 3701 239,
172 3632 273 3701 51(8.
247 3630 383 3706 81255)
405 3639 435 3687 et
456 3634 576 3704 saepius

167 3717 218 3790 13)
251 3720 322 3796 Reg
342 3738 385 3773 nr.
398 3719 474 3789 259,
495 3739 523 3791 p
547 3721 596 3778 33

126 3803 218 3876 14)
252 3805 336 3859 Diem
357 3822 517 3876 supremum
538 3805 610 3860 obiit
630 3807 728 3860 rexd.
750 3805 928 3888 28.m.dan.
953 3807 1035 3865 1256
1059 3817 1103 3878 ap.
1127 3808 1246 3880 Hoog·

79 3891 222 3945 nonde:-
238 3908 298 3962 reg.
319 3893 409 3962 p..36
536 3933 540 3937 .

187 3974 217 4046 1)
187 3976 354 4033 Othron.
384 3977 505 4048 Samptr
528 3996 573 4049 ap.
593 3978 781 4034 Boehmer:
804 3995 862 4050 reg.
884 3977 1047 4046 RudolfiI,
1068 3997 1097 4048 p.
1126 3979 1195 4048 53,
1202 3997 1248 4032 us
1266 4007 1268 4012 ·

80 4078 134 4130 que
162 4063 199 4116 ad
229 4061 304 4119 hunc
332 4081 427 4135 regem
452 4065 604 4119 Rndolfum
632 4070 767 4135 tanquam
796 4063 932 4120 oblivioni
948 4061 1083 4120 traditum
1108 4019 1247 4120 Romaino·

80 4165 141 4201 ram
167 4163 284 4220 regnum
310 4150 398 4208 iacuit
417 4151 537 4220 absque,
559 4150 727 4221 imperatore
756 4155 784 4206 et
812 4151 924 4221 absque.
951 4167 1018 4222 rege
1042 4151 1248 4208 confusibiliter
1318 4154 1321 4159 ’

79 4249 131 4302 per
152 4233 310 4305 vigintiduo
332 4253 435 4304 annos,
462 4235 557 4290 multis
586 4237 667 4291 bellis
697 4254 715 4291 a
734 4230 867 4292 ¹Soldanc
895 4242 924 4290 et
952 4235 1080 4292 hostibus
1110 4236 1190 4307 fidei,
1218 4243 1248 4292 et

81 4321 157 4388 qnod
185 4322 308 4392 turpius,
344 4323 441 4394 spoliis
475 4322 613 4378 incendiis
651 4323 824 4391 homicidiis,
853 4323 1030 4378 monasteriis
1065 4328 1094 4394 et
1122 4316 1247 4378 ecclesiis

81 4406 239 4478 dissipatis,
262 4409 316 4464 deo
333 4409 527 4480 permittente,
548 4408 681 4464 85881181
702 4409 908 4464 dilaceratum“.
