3000 5084
235 491 378 552 iudicium
397 493 437 552 ad
452 511 521 552 eum
539 493 639 572 ipsum
649 484 792 552 delatum-
804 493 920 571 ess04).
950 493 1055 572 Reges
1076 494 1136 572 ipsi
1157 493 1321 580 „iustitiae
1350 512 1433 574 pro

223 598 366 656 'tectores
374 599 391 629 “
413 615 448 654 se
469 595 660 655 nominantes
672 592 712 670 ⁵),
735 597 828 656 etiam
849 599 940 675 atque
960 597 1050 656 etiam
1070 597 1318 676 pronunciabant,
1348 615 1434 674 gra-

235 698 396 758 vissimum
416 698 474 758 sibi
496 699 601 759 videre
624 698 763 774 officium,
786 700 933 760 iustitiam
954 717 1098 759 exercere
1114 703 1146 760 et
1162 681 1267 783 pacem
1281 719 1433 777 genera-

235 802 296 860 lem
315 821 512 878 conserrare,
534 849 552 876 ‚,
560 804 594 861 ut
616 820 720 860 omnes
742 807 775 861 et
796 802 910 880 singuli
933 803 1033 875 salute
1060 807 1091 862 et
1117 803 1178 862 fide
1199 804 1431 882 finipossent

229 923 399 983 eorumque
420 905 499 979 vita,
527 905 637 977 honor,
659 905 780 964 fortuna
800 905 921 983 integra
941 896 1132 966 maneam
1168 905 1219 965 Ita
1231 905 1428 965 Frideficus

234 1008 359 1088 primus,
382 1007 594 1087 „imperialem
615 1008 722 1086 inquit,
743 1008 833 1068 decet
846 1008 1010 1083 solertiam,
1032 1008 1076 1094 ita
1094 1008 1282 1088 reipublicae
1294 1027 1427 1083 ,curam

235 1129 342 1189 gerere
364 1113 395 1170 et
416 1111 620 1170 subiectorum
638 1111 793 1170 commoda
808 1112 1006 1190 investigare,
1027 1119 1062 1171 ut
1077 1111 1164 1189 regni
1182 1112 1299 1171 utilitas
1311 1112 1425 1171 incor-

235 1216 325 1292 rupta
345 1213 490 1292 persistat
517 1215 548 1272 et
576 1213 767 1291 singulorum
794 1216 893 1274 status
914 1216 1029 1292 iugiter
1050 1216 1191 1274 serretur
1218 1202 1358 1274 illesus“
1383 1213 1422 1290 ⁶).

235 1297 322 1376 Iolem
343 1316 375 1375 in
404 1315 619 1376 constitutione
639 1319 743 1376 contra
764 1317 967 1378 incendiorios
989 1335 1016 1376 a
1042 1317 1139 1380 1187:
1171 1318 1292 1392 „Decet
1306 1317 1423 1378 ,fideli-

124 1427 128 1434 '
236 1420 292 1480 tati
319 1421 443 1478 nostrae
463 1421 614 1499 tempora,
642 1421 779 1497 generali
799 1421 979 1500 populorum
1000 1419 1220 1499 provintiarum
1239 1421 1421 1512 tranquilli-

235 1516 292 1583 tati
313 1523 591 1602 circumspectionis
610 1527 732 1583 uostrae
749 1525 850 1583 studio
866 1524 1029 1604 provideri,
1050 1526 1093 1597 ut,
1116 1525 1187 1583 dum
1207 1525 1239 1583 in
1262 1523 1420 1583 subiectis
1494 1532 1495 1565 l

236 1625 449 1685 dominationis
470 1625 584 1686 uirtute
604 1627 771 1705 pollemus,
793 1626 938 1706 reprobos
959 1627 1113 1705 quoslibet
1140 1645 1176 1686 ac
1198 1628 1372 1686 scelerosos
1399 1645 1422 1684 a

238 1728 567 1788 subditorum-iniuriis
589 1729 751 1807 aequitatis
769 1733 892 1789 nostrae
909 1729 1095 1790 correctione
1118 1735 1362 1809 compescamus“
1379 1729 1418 1806 ⁷).

237 1830 383 1891 Similiter
409 1831 584 1891 Fridericus
606 1831 649 1891 ΙΙ.
681 1832 803 1911 saepius
832 1833 921 1907 dicit,
948 1817 1102 1912 principes
1130 1851 1197 1891 eam
1225 1834 1263 1892 ob
1286 1851 1421 1892 causam

237 1953 310 2016 esse·
329 1938 454 2011 creatos,
476 1936 511 1994 ut
523 1935 607 2012 'vitia
630 1939 802 1995 coercerent
824 1936 925 1994 etius
947 1935 1058 2013 ubique
1080 1935 1283 2006 defenderent,
1327 1933 1420 2009 „Sic-

236 2057 304 2116 quc,
326 2037 432 2116 inquit,
453 2038 588 2117 ipsarum
610 2058 710 2118 rerum
731 2039 914 2098 necessitate
927 2042 1142 2116 ,cogente-nec
1163 2039 1263 2097 minus
1285 2038 1420 2098 divinae

235 2129 429 2220 provisionis
443 2140 589 2199 instinctu
605 2140 758 2220 principes
775 2141 912 2217 gentium
929 2143 1001 2200 sunt
1015 2141 1120 2216 creati,
1142 2161 1198 2220 per
1210 2161 1286 2220 quos
1303 2145 1420 2221 posset

236 2243 360 2306 licentia
384 2244 539 2302 scelerum
567 2244 713 2317 coerceri,
742 2242 794 2320 qui
823 2245 906 2302 vitae
933 2241 1078 2322 necisque
1107 2245 1227 2319 arbitri,
1254 2245 1418 2322 gentibus,

237 2347 362 2426 qualem
379 2346 507 2424 quisque
529 2347 693 2421 fortunam,
723 2349 836 2432 sortem
863 2349 1034 2424 statumque
1061 2346 1201 2422 haberet,
1220 2349 1418 2434 ⁸executores

236 2450 454 2529 quodammodo
466 2449 587 2510 divinae
598 2448 808 2528 providentiae
825 2450 1015 2509 stabilirent“
1024 2450 1057 2527 ⁸).
1093 2449 1133 2510 Et
1148 2451 1180 2509 iu
1191 2450 1419 2510 constitutione

161 2605 167 2616 .
236 2553 465 2630 Mogontinaa
492 2553 574 2616 1235
596 2552 749 2640 publicata
777 2537 933 2632 profitetur
953 2555 1129 2632 imperator:
1158 2573 1224 2627 „ex
1245 2553 1293 2612 liis
1313 2555 1418 2632 preci-

236 2675 296 2736 pue
320 2656 453 2728 munitm
473 2656 643 2739 *auotoritas
670 2656 863 2735 imperantis,
891 2673 960 2715 cum
987 2656 1019 2714 in
1042 2657 1354 2736 observanciapacis
1377 2662 1418 2717 et

238 2760 405 2820 excucioue
434 2759 568 2836 iusticie,
598 2753 743 2838 quantum
773 2759 919 2818 terribilis
948 2762 996 2818 est
1023 2759 1193 2839 perversis,
1217 2764 1334 2820 tantum
1361 2767 1417 2820 ost

237 2863 447 2924 desiderabilis
468 2863 655 2921 mausuetis“
669 2863 701 2940 ⁹).
753 2862 865 2938 Quare,
888 2882 981 2941 quum
1001 2863 1240 2936 iurisdictionem
1261 2840 1416 2940 gravissi-

209 3048 219 3058 κ
236 2985 316 3026 mam
330 2965 449 3045 imperii
468 2965 514 3024 sui
533 2968 649 3044 partem
663 2965 810 3026 haberent
825 2974 924 3042 reges,
937 2966 1040 3025 mirari
1058 2985 1119 3025 non
1139 2950 1310 3045 possumus,
1327 2967 1414 3044 quod

324 3278 355 3350 4)
390 3279 437 3350 Sp.
461 3279 560 3334 Saul.
582 3282 622 3338 58
646 3282 713 3350 Μ
735 3283 787 3336 ΙΠ.
800 3283 842 3340 60
864 3282 890 3350 §-
904 3284 938 3349 23
962 3280 1010 3351 Sp.
1033 3281 1128 3335 Germ
1152 3283 1230 3349 3103
1253 3281 1306 3335 Jus
1327 3297 1410 3349 prov.

237 3367 363 3426 111133.
386 3365 442 3421 cfr.
455 3366 665 3421 confoederatio
677 3368 924 3438 comprincipibus
936 3369 1004 3421 cccl.
1016 3385 1041 3420 a.
1055 3368 1153 3425 1220:
1166 3367 1273 3420 Perta
1285 3368 1322 3435 ll,
1334 3367 1409 3422 237.

325 3450 355 3522 5)
389 3453 525 3506 Friderici
536 3453 576 3506 ll:
588 3458 658 3507 sent.
670 3454 706 3506 de
717 3471 773 3507 uon
786 3455 869 3508 alien.
879 3454 998 3523 princip.
1010 3467 1034 3508 a.
1046 3455 1141 3525 1216:
1164 3453 1272 3506 Perta
1284 3454 1320 3519 ll,
1335 3453 1409 3509 228.

242 3579 271 3586 --
324 3538 354 3608 6)
390 3538 486 3593 (louet
509 3539 597 3593 Rene.
620 3557 644 3593 a.
660 3539 743 3597 1154
765 3539 904 3610 ibidall,
928 3541 978 3597 96.

294 3677 297 3682 ,
325 3621 355 3693 7)
388 3625 496 3677 rem
519 3625 561 3692 Π,
587 3627 655 3682 rsa.
837 3627 844 3638 ·
984 3661 989 3668 -

323 3709 353 3780 8)
388 3709 484 3764 Coust.
507 3709 632 3779 Siculae,
656 3711 744 3780 praef.
767 3728 812 3780 ap.
836 3711 1014 3764 (lanciani
1037 3712 1110 3781 legg.
1133 3710 1254 3774 barb.I,
1277 3706 1404 3763 305ae

228 3795 308 3857 ,loia
324 3797 366 3865 11,
388 3797 430 3850 tit.
448 3798 499 3862 30,
520 3815 549 3866 p.
562 3798 647 3854 -3142
671 3795 809 3866 „Oportet
828 3797 927 3868 igitur,
945 3797 1107 3851 Caesarem
1127 3796 1189 3848 fore
1210 3792 1335 3847 iustitiae
1356 3812 1403 3864 pa·

237 3886 308 3938 trem
324 3881 468 3952 etlilium,
492 3883 633 3936 domiuum
651 3890 679 3934 et
700 3882 869 3951 ministrum,
898 3888 1007 3952 patrem
1030 3889 1059 3934 et
1080 3881 1222 3934 domiuum
1244 3880 1275 3933 in
1295 3881 1405 3935 edendo

237 3967 371 4024 iustitiam
399 3975 428 4024 et
451 3969 559 4022 editam
588 3967 789 4033 conservando,
824 3968 865 4022 sic
893 3972 923 4021 ct
954 3960 1173 4022 iu··veueraudo
1197 3967 1345 4022 iustitiam·
1365 3968 1403 4020 sit

124 4113 126 4116 ,
236 4053 310 4108 filius
333 4062 361 4108 ct
382 4055 411 4108 iu
432 4055 520 4124 ipsius
543 4054 651 4122 copiam
672 4052 856 4106 ministrando
876 4054 1028 4108 minister.“
1108 4075 1115 4086 ·

324 4141 353 4211 9)
376 4142 482 4194 Perta
503 4140 544 4206 ΙΙ,
568 4140 639 4196 313.
663 4137 719 4192 cfr.
741 4138 916 4194 HeuriciVI.
932 4140 1095 4194 constitutio
1117 4159 1170 4211 pro
1189 4140 1402 4196 mercatoribus:
1439 4208 1444 4214 ¹

150 4213 153 4218 ’
236 4226 274 4280 ib.
297 4228 353 4304 11,-
372 4227 432 4283 199
458 4232 487 4278 et
510 4225 585 4277 Frid.
614 4225 650 4277 ll.
681 4225 820 4278 sententia
849 4231 948 4286 contra
975 4227 1082 4282 infeod.
1109 4227 1184 4281 dotis
1222 4226 1400 4282 ecclesiarum

237 4307 550 4370 a.1230:'ibid.277.
617 4366 620 4374 .

1494 1061 1496 1189 l
