3000 5084
751 295 857 383 ‘ro

250 509 301 569 vel
320 510 355 569 in
377 515 459 572 certa
481 510 670 569 condemnati
691 510 803 588 bona4)
825 511 1010 586 mitteretur,
1036 511 1117 589 quod
1146 520 1177 570 et
1197 517 1261 570 tum
1283 509 1429 588 contigit,

249 633 342 691 quum
363 615 402 673 de
423 614 511 674 bonis
533 613 606 687 illis,
628 616 659 672 et
678 617 751 689 tum,
774 634 866 692 quum
888 615 926 674 de
941 614 1069 694 pecunie
1086 613 1189 675 debita
1208 614 1260 674 vel
1276 615 1338 674 alia
1351 632 1429 693 qus-

251 736 379 796 cumque
400 736 494 777 cuusu
514 722 615 776 sctum
636 716 745 794 erat5).

336 819 396 879 ΙΠ.
430 819 511 880 Num
532 821 695 880 discrimen
722 819 834 880 iactum
862 821 902 881 sit
930 822 1009 881 inter
1033 822 1213 880 sententiam
1241 839 1296 900 per
1319 825 1432 880 eontu-

249 924 377 983 msciem
393 928 484 1002 etque
500 925 731 984 contradictorio
751 924 862 984 iudicio
885 925 987 998 latam,
1008 943 1069 984 non
1085 923 1210 1004 pstet⁶).
1255 923 1323 984 Lex
1341 925 1432 984 enim

250 1027 317 1086 sine
345 1027 410 1087 ullo
440 1027 586 1087 eiusmodi
614 1027 789 1086 discrimine
814 1028 932 1102 statuit,
961 1047 1045 1101 enm,
1071 1027 1124 1107 qni
1150 1046 1247 1106 usque
1269 1027 1308 1086 ad
1330 1027 1431 1086 finem

250 1149 414 1210 processus
442 1131 552 1208 egerit,
579 1131 611 1189 in
641 1131 721 1190 bone
742 1131 872 1191 convicti
895 1149 964 1190 esse
985 1131 1218 1191 immittendum:
1251 1129 1373 1190 Alberti
1400 1129 1430 1196 Ι,

129 1282 136 1294 ,
251 1237 345 1293 const.
368 1251 393 1292 a
410 1234 492 1296 1298
515 1253 538 1293 e.
551 1234 608 1296 35:
636 1235 733 1308 „We
753 1246 851 1297 setzen
872 1237 937 1298 wod
955 1239 1092 1318 yepicten
1118 1239 1255 1298 weram
1276 1235 1345 1315 clap
1367 1238 1432 1296 mit

250 1340 332 1400 recht
351 1338 478 1420 volfrlrt,
505 1341 562 1401 das
581 1342 625 1400 im
646 1339 760 1401 addite
782 1340 894 1402 steina
912 1343 980 1401 wire
1009 1340 1080 1422 suff
1098 1340 1148 1401 ao
1173 1339 1244 1401 tarot
1264 1340 1337 1400 oder
1365 1339 1432 1420 αφ’

250 1445 365 1522 dieyut
385 1442 507 1524 darass
522 1466 555 1504 er·
574 1443 692 1523 pcelapt
712 1445 800 1504 luat.“

343 1543 393 1603 Ex
423 1544 531 1623 quibus
562 1545 600 1604 de
629 1546 810 1604 executione
836 1550 868 1606 in
895 1544 1008 1608 iudicio
1035 1539 1122 1622 regio
1152 1545 1318 1604 communis
1347 1544 1430 1602 haec

252 1646 361 1724 regula
383 1648 545 1708 statuenda
568 1667 635 1707 esse
652 1649 787 1708 videtur:
811 1647 905 1706 Actor
928 1667 1055 1727 semper,
1077 1648 1115 1707 de
1129 1665 1316 1726 quacumque
1331 1664 1430 1707 causa

251 1753 352 1811 actirm
374 1754 405 1809 et
427 1769 614 1829 quocumque
636 1752 724 1812 modo
746 1751 785 1811 lis
809 1751 968 1810 terminata
990 1753 1070 1825 erat,
1093 1751 1267 1810 missionem
1288 1749 1322 1809 in
1343 1751 1429 1809 bona

251 1854 450 1928 condemnati,
472 1854 641 1914 observatis
652 1856 717 1930 eis,
738 1873 817 1934 quae
840 1855 877 1914 de
899 1855 955 1914 hac
971 1867 1005 1913 re
1017 1854 1054 1913 -in
1072 1853 1155 1915 curis
1171 1845 1311 1932 receptae
1328 1857 1427 1926 erant,

251 1957 384 2035 regulis,
408 1957 534 2036 exigere
554 1958 660 2037 potuit.

339 2060 430 2131 Quod
452 2080 526 2121 uero
549 2061 588 2120 ad
609 2061 749 2138 singulas
771 2061 950 2141 procedendi
974 2064 1075 2140 partes
1097 2061 1236 2140 pertinet,
1258 2079 1319 2120 non
1334 2077 1427 2140 appa-

251 2167 307 2238 ret,
329 2181 402 2223 num
418 2168 450 2223 et
464 2183 524 2242 qua
540 2165 618 2224 forte
631 2165 757 2239 ratione,
778 2167 939 2244 praecepte
956 2165 994 2224 de
1011 2165 1227 2224 sententiarum
1244 2165 1427 2224 executione

252 2267 379 2326 scuria
407 2270 530 2327 servata
554 2269 591 2327 ab
615 2267 723 2328 ceteris
748 2267 869 2328 indiciis
891 2268 1097 2330 dissenserint.
1144 2267 1245 2338 Quum
1268 2268 1348 2326 enim
1372 2268 1427 2326 im·

251 2370 328 2450 perii
349 2371 580 2430 constitutiones
602 2371 641 2430 de
662 2357 851 2449 exequendis
872 2371 1031 2431 sententiis
1053 2370 1130 2430 nihil
1152 2371 1328 2444 statuerint,
1351 2389 1427 2430 non-

252 2474 312 2534 nisi
343 2494 384 2533 ex
411 2475 570 2534 sententiis
593 2463 716 2559 scupis
744 2473 832 2534 dictis
862 2475 1030 2534 accuratius
1053 2493 1236 2552 cognoscere
1255 2491 1427 2552 possumne,

253 2577 326 2656 quid
347 2577 385 2636 de
398 2596 432 2636 re
448 2577 580 2637 iudicata
597 2577 769 2637 executioni
786 2578 956 2638 mandenda
970 2577 1053 2637 curia
1070 2578 1208 2637 tenuerit.
1254 2575 1315 2637 Sed
1332 2595 1427 2655 quum

252 2680 400 2760 plurimae
423 2699 463 2740 ex
484 2681 537 2755 iis,
558 2699 637 2760 quae
659 2682 789 2741 oetatem
811 2681 960 2756 tulerunt,
990 2681 1150 2740 sententiis
1174 2697 1192 2740 a
1214 2679 1297 2740 curia
1319 2682 1428 2739 contra

253 2787 444 2849 contumaces
465 2803 535 2844 reos
558 2784 656 2844 dictae
678 2787 751 2844 sunt
771 2803 870 2863 neque
892 2804 932 2844 ex
954 2783 1023 2843 aliis
1045 2784 1233 2862 quibusdam,
1256 2801 1328 2842 num
1348 2782 1428 2842 iudi-

254 3051 314 3102 uud
333 3050 486 3117 numos,
508 3050 615 3118 tipcnde
631 3051 691 3102 aad
704 3049 840 3118 carendo,
867 3050 919 3102 wie
938 3067 1002 3102 man
1024 3050 1077 3101 das
1098 3056 1235 3116 penaunce
1256 3037 1429 3115 maffi'nicts

254 3135 469 3204 usqenommeu‘t
513 3132 670 3205 (Gudenz
700 3134 809 3207 sylloge
830 3153 873 3189 nr.
891 3137 947 3200 31,
968 3153 996 3205 p.
1015 3133 1105 3206 641);
1129 3151 1153 3188 u.
1174 3133 1273 3190 1386:
1296 3135 1356 3200 „uf
1374 3134 1428 3185 der
1478 3159 1479 3230 p

254 3223 459 3290 carpensem,
487 3229 561 3274 rates
588 3223 648 3274 uad
673 3223 724 3274 der
746 3223 847 3290 turpet·
873 3222 1026 3289 qemeinticlr
1057 3238 1146 3274 osmer
1168 3222 1228 3273 rond
1247 3210 1352 3272 reicher
1374 3220 1428 3272 der
1478 3231 1479 3320 p

254 3315 352 3362 mxu
368 3309 498 3363 Wormus
516 3314 595 3378 pater
606 3309 710 3360 —wic
730 3327 795 3361 meu
812 3309 864 3360 das
880 3309 1015 3361 cedentes
1025 3325 1096 3376 may,
1118 3308 1204 3360 nictu
1215 3307 1427 3373 ειερεηοτηηωηιι
1478 3323 1479 3394 p

256 3391 466 3464 (Sehsnnatt
488 3393 673 3448 histworm.
695 3393 736 3463 ΙΙ,
762 3391 853 3465 196),
877 3393 928 3456 οἲτ,
948 3393 1044 3464 dung
1067 3393 1084 3446 1.
1096 3409 1158 3462 ep.
1175 3394 1250 3460 1113
1274 3390 1428 3446 Schnei-
1478 3423 1479 3474 p

252 3475 330 3535 der:
351 3479 417 3533 Erb.
429 3479 493 3534 hist.
505 3499 547 3535 nr.
559 3482 615 3549 34,
637 3499 664 3550 p.
676 3481 716 3538 87
730 3485 759 3533 et
775 3498 816 3534 nr.
830 3480 886 3547 83,
901 3480 1018 3550 p.128;
1042 3478 1274 3549 Harpprecht
1294 3479 1322 3545 Ι,
1347 3477 1426 3543 126;
1478 3487 1479 3504 ’

253 3565 336 3620 hist
358 3566 511 3620 Norirnb.
535 3567 619 3636 dipl.
642 3565 762 3634 nn284,
780 3566 1088 3637 p.528;-Joannes:
1104 3565 1333 3644 resMoguntll,
1352 3563 1425 3621 606,

341 3647 373 3722 4)
407 3653 463 3719 „In
474 3651 558 3721 bons,
570 3669 643 3722 quae
654 3653 735 3706 vobis
747 3652 939 3724 designaverit
950 3651 1063 3706 actor“:
1088 3649 1115 3704 G
1124 3652 1168 3704 ud
1178 3667 1219 3704 en
1233 3651 1295 3704 cod.
1309 3649 1374 3718 dipl.
1387 3649 1423 3714 Il,

341 3820 372 3893 5)
404 3822 552 3882 n1324:
572 3824 791 3897 ,‚immissionem
812 3824 949 3879 bonorum
971 3826 1008 3880 sd
1031 3841 1164 3878 summam
1182 3821 1257 3876 mille
1268 3837 1424 3876 marcarum

254 3908 381 3965 duximus
402 3907 582 3965 faciendam“
615 3908 755 3983 (Gnden
777 3910 820 3978 II,
852 3909 962 3980 7067),
992 3927 1017 3965 a.
1043 3911 1127 3968 1339
1149 3911 1249 3978 „umde
1272 3909 1334 3966 300
1353 3907 1425 3977 'pum

253 3996 380 4052 salom
414 3993 551 4069 (Guden
572 3997 615 4066 ΙΙ,
650 3995 759 4068 1078),
794 4014 820 4052 a.
847 3997 925 4052 eod:
958 3999 1056 4065 ,umbe
1083 4005 1171 4052 tutent
1197 3996 1277 4048 mut·
1303 3993 1423 4048 silbero“

253 4083 481 4155 (Senokenb.:
496 4084 594 4154 desig.
609 4079 696 4154 159),
718 4083 769 4138 cfr.
783 4081 924 4138 Guden:
937 4083 1045 4156 sylloge
1056 4074 1424 4154 p.'6493,SehsnnstIl,
1478 4081 1479 4092 ¹

255 4171 333 4240 1963
355 4170 532 4225 Joannes:
555 4186 609 4224 res.
631 4169 761 4241 Mogll,
784 4171 856 4228 606.
1478 4215 1479 4250 ,

340 4255 371 4329 6)
405 4257 549 4312 Menrer
570 4255 598 4326 t.
614 4256 684 4323 167,
705 4258 795 4327 nr.43
818 4255 1011 4311 Albreoht:
1034 4273 1136 4326 posuere
1147 4255 1173 4326 ξ.
1187 4255 1215 4326 7,
1236 4258 1294 4308 not.
1308 4253 1424 4320 Med,
1478 4253 1479 4332 ᾗ
