3000 5084
681 391 743 457 125

124 583 199 643 anni
226 581 587 662 praeterlaberenturss),
616 584 777 661 antequam
804 581 837 641 in
859 576 1053 640 Germaniam
1080 578 1199 640 rediret.
1244 578 1293 640 Ex

123 706 187 765 quo
209 689 344 765 tempore
364 703 461 763 pauca
482 685 599 744 tantum
620 686 658 745 de
679 685 790 745 iudicio
813 675 915 744 curiae
936 685 1007 744 uota
1029 685 1106 742 sunt.

213 788 289 848 ΧΠ.
324 786 361 847 Α.
377 787 467 863 1392,
491 807 583 864 quum
603 788 636 848 in
659 790 756 848 castro
774 781 911 850 Bettlern
931 805 988 847 rex
1001 787 1176 859 moraretur,
1199 786 1294 864 legati

123 892 241 970 civium·
259 891 446 950 Francofuit.
470 891 583 950 curiam
604 891 733 967 adibant,
756 890 984 970 privilegiorum
1005 889 1199 968 quorundam,
1217 907 1294 968 quae

123 993 272 1054 Albertus
281 993 304 1056 1.
319 995 349 1052 et
355 992 506 1052 Henricus
515 992 587 1053 VII.
601 993 715 1053 civitati
728 993 947 1067 concesserant,
957 991 1210 1052 confirmationem
1221 992 1294 1071 peti·
1415 1035 1420 1046 .

121 1096 193 1157 turi.
222 1095 242 1156 J
250 1098 421 1156 ohannes
442 1115 571 1156 comes
593 1095 928 1175 spanheimensis,
950 1096 1022 1154 tunc
1035 1095 1177 1175 temporis
1193 1095 1293 1155 curiae

122 1199 317 1274 iustitiarius,
340 1218 359 1259 a
380 1218 454 1276 rege
474 1199 574 1258 iussus
596 1201 656 1273 est,
686 1217 722 1259 ea
744 1198 917 1258 examinare
940 1201 971 1258 et
992 1198 1082 1277 paulo
1104 1200 1172 1276 post
1193 1199 1294 1277 palam
1372 1199 1374 1204 '

122 1303 205 1377 fecit,
229 1302 367 1362 omnibus
388 1301 539 1362 iudicibus
560 1302 817 1362 consentientibus
838 1302 894 1361 illa
916 1320 983 1360 esse
1006 1300 1179 1362 confirmata
1189 1300 1237 1378 28).
1288 1291 1290 1295 ’

212 1403 306 1464 XIII.
340 1403 446 1464 Idem
468 1402 670 1464 Iohannes
693 1423 718 1464 1.
733 1404 829 1480 1393,
860 1404 965 1463 eodem
986 1404 1053 1464 loco
1075 1404 1185 1464 iudicio
1208 1403 1292 1482 regio

121 1500 309 1588 praesidens,
333 1505 471 1568 Comado
486 1506 594 1585 Zingel
616 1509 810 1587 procuratore
830 1507 965 1584 rogante,
987 1506 1149 1586 privilegia
1163 1507 1292 1567 civitatis

122 1610 331 1671 Haunorerae
353 1609 540 1670 confirmavit
549 1610 598 1688 ²⁹).

210 1712 298 1772 XIV.
332 1712 369 1771 A.
392 1731 464 1773 vero
486 1713 656 1792 insequenti
678 1712 874 1773 Iohannes
904 1731 1030 1772 comes
1057 1713 1100 1772 de
1124 1711 1293 1773 Truhen-

123 1815 270 1894 dingen
291 1814 410 1893 Pragae
426 1815 458 1874 in
470 1817 583 1894 palatio
600 1818 683 1894 regis
701 1816 852 1877 iustitiarii
869 1834 993 1874 munere
1003 1815 1123 1875 functus
1134 1817 1190 1891 est,
1212 1816 1292 1895 quod

123 1939 166 1978 ex
188 1919 307 1978 decreto
338 1918 467 1996 quodam
496 1919 597 1979 curiae
618 1920 699 1997 regis
720 1919 919 1996 intelligitur,
949 1937 1008 1996 quo
1038 1919 1187 1978 sententia
1215 1919 1291 1997 regii

122 2021 228 2081 iudicii
250 2039 276 2080 a.
298 2021 381 2084 1310
410 2039 511 2082 coram
532 2021 665 2082 Henrioo
694 2022 733 2081 de
755 2021 927 2099 Kirchberg
947 2022 1066 2099 reperta
1087 2021 1289 2101 repetitur30).

208 2123 250 2182 Μ.
273 2123 344 2186 Mai.
366 2124 394 2182 h.
418 2125 489 2184 anni
512 2125 633 2204 (1394)
659 2145 717 2184 rex
746 2132 851 2203 captus
877 2123 909 2182 in
937 2121 1091 2184 Austriam
1119 2125 1290 2185 ducebatur.

122 2223 217 2286 Cuius
240 2226 439 2286 contumeliae
460 2246 557 2306 usque
578 2229 617 2288 ad
638 2228 715 2288 illud
736 2223 853 2306 te'mpus
875 2245 937 2286 nou
959 2227 1079 2297 auditae
1100 2247 1192 2306 quum
1212 2228 1292 2288 fama

120 2329 155 2388 in
178 2326 371 2389 Germaniam
392 2331 595 2408 pervenisset,
618 2331 689 2390 dum
709 2331 863 2410 Rupe1tus
886 2349 985 2390 comes
1007 2329 1164 2390 Palatinus
1185 2331 1291 2392 vicarii

121 2450 231 2491 munus
257 2432 396 2511 suscipit,
425 2433 576 2512 principes
597 2432 774 2494 Wenceslai
796 2433 1005 2492 liberationem
1030 2432 1202 2493 moliuntur.
1247 2433 1288 2492 M.

122 2533 234 2593 deinde
261 2533 344 2613 Aug.
374 2554 431 2594 rex
465 2536 596 2596 vinculis
630 2539 748 2597 solutus
776 2536 864 2596 modo
900 2535 933 2594 in
965 2535 1023 2596 hoc
1056 2537 1144 2606 modo
1172 2536 1206 2595 iu
1234 2536 1288 2596 illo

120 2635 287 2697 Bohemiae
310 2638 376 2697 loco
400 2639 503 2698 sedem
527 2639 660 2700 habebat
670 2638 727 2715 81),
756 2639 837 2698 unde
866 2657 934 2697 eum
955 2638 1047 2698 rebus
1068 2638 1202 2718 imperii,
1230 2638 1289 2699 iuri

120 2741 300 2818 praesertim
320 2740 449 2801 dicundo
472 2743 592 2801 omnino
615 2743 732 2802 nullam
753 2741 1023 2819 navarepotuisse
1045 2723 1179 2820 operam,
1201 2741 1290 2801 facile

121 2843 311 2921 intelligitur.
355 2840 455 2904 Iudex
478 2844 579 2904 curiae
601 2864 636 2904 eo
656 2846 791 2924 tempore
806 2844 863 2904 fuit

208 2944 279 3005 XV.
314 2944 601 3007 Swantiborius
630 2948 704 3006 dux
731 2943 1046 3023 brennensi-³2),
1075 2946 1125 3025 qui
1147 2966 1184 3006 m.
1209 2944 1289 3026 Sept.

211 3275 263 3347 27)
295 3278 418 3332 Peizel
439 3279 468 3347 1,
492 3280 627 3348 216sqq.
965 3322 969 3328 .

210 3360 263 3433 28)
293 3364 420 3419 Pelzel
441 3365 468 3432 I,
491 3367 552 3423 246
577 3382 625 3419 ex:
653 3364 802 3436 pririlegia
828 3366 879 3418 der
906 3365 967 3419 teil.
995 3366 1157 3420 reiolwstadt
1182 3367 1290 3420 mank-

113 3450 185 3515 surt
210 3467 237 3502 a.
265 3451 309 3502 M.
332 3449 479 3522 (Francos.
504 3448 604 3521 1614)
626 3469 653 3520 p.
681 3452 753 3509 200.
804 3451 870 3504 Dat.
893 3451 1000 3505 Bettlcr
1021 3454 1050 3504 ic
1072 3453 1123 3506 der
1149 3454 1241 3506 Vertere
1263 3453 1290 3506 d.

125 3538 152 3591 1.
164 3553 200 3588 m.
213 3535 297 3588 Febr.
312 3536 401 3593 1392.
1245 3593 1247 3596 .

211 3618 263 3691 29)
298 3619 459 3691 Grupen:
483 3622 551 3676 disc.
572 3622 700 3676 forenses
722 3641 750 3692 p.
770 3623 841 3680 532.
893 3622 930 3675 D.
949 3623 976 3676 d.
998 3623 1097 3676 eodem
1119 3623 1182 3679 loco
1207 3624 1288 3684 1393

13 3693 25 3740 ἶ·
122 3708 255 3760 mittwocb
276 3709 348 3760 corb
369 3708 516 3777 Allerbly„
538 3724 593 3777 quo
615 3707 939 3778 temporeWenceslaus
961 3708 991 3763 in
1012 3708 1066 3763 hoc
1089 3714 1182 3764 castro
1202 3710 1290 3766 fnisse

122 3791 246 3845 videtur:
269 3793 393 3847 Pelcel
414 3795 442 3862 Ι,
466 3795 527 3851 276
541 3810 601 3864 sqq.

212 3876 264 3947 30)
297 3879 333 3932 Ι).
346 3880 371 3933 d.
394 3879 505 3950 Pragae
526 3882 619 3934 mittw.
632 3881 711 3951 ,caet
733 3880 847 3932 Mariae
869 3880 1002 3934 lichenem
1026 3877 1095 3952 (te.
1108 3882 1182 3937 4111.
1195 3880 1290 3951 Febr.)

126 3962 223 4020 1394:
246 3964 477 4034 Harpprecht
497 3966 526 4033 Ι,
554 3984 596 4019 nr.
620 3966 674 4032 18,
701 3983 728 4034 p.
748 3966 818 4022 113.
862 3965 935 4022 Num
956 3966 1011 4021 hoc
1032 3971 1158 4036 tempore
1179 3967 1290 4039 Pragae

122 4047 208 4103 fuerit
230 4067 293 4119 rex,
314 4051 374 4104 erui
394 4051 507 4120 nequit:
530 4051 657 4104 Pelzel
678 4052 705 4119 Ι,
729 4053 800 4118 277,
825 4053 873 4108 78.

211 4133 264 4207 31)
297 4137 341 4190 De
363 4136 407 4189 his
428 4137 557 4191 omnibus
586 4137 634 4191 cfr.
663 4137 792 4190 Peizel
813 4139 839 4204 Ι,
868 4137 1045 4205 280-99;
1079 4137 1216 4192 Pfister
1240 4139 1290 4205 ΠΙ,

124 4220 187 4280 334
199 4238 260 4291 sqq.
777 4263 781 4274 .

211 4306 263 4378 32)
297 4307 497 4364 Suantiborius
518 4308 566 4364 ille
588 4309 654 4363 inde
677 4309 713 4363 ab
731 4326 756 4370 a,
770 4309 850 4368 1391
864 4308 1061 4366 Wenceslaum
1074 4309 1221 4364 comitatus
1233 4316 1290 4364 est:

124 4391 174 4447 cfr.
196 4393 322 4449 Peizel
343 4395 372 4459 1,
397 4396 468 4452 242.
