3000 5084
621 397 657 458 41

539 483 745 494 ........-—......

64 587 183 648 feriores
209 588 325 650 indioes
356 587 404 649 ius
437 603 610 666 comparare
642 605 704 646 non
735 587 860 666 possent
892 586 943 645 rel
976 586 1106 659 nollent,
1143 583 1228 643 adire

64 692 178 753 lioeret:
206 711 309 753 omnes
333 691 428 786 igitur
456 707 565 751 oansae
592 696 743 770 postremo
765 690 804 749 ad
825 707 929 767 regem
951 687 1060 748 deferri
1082 689 1228 767 poterant,

64 795 133 855 illae
150 795 247 872 etiam,
270 813 347 876 quae
359 795 449 854 antea
459 795 497 854 ab
516 790 637 854 arbitris
660 791 840 853 diiudioatae
861 796 948 852 erant
961 789 1010 868 71),
1033 793 1124 870 atque
1144 808 1229 870 prae

65 899 145 956 terea
164 898 198 958 in
218 897 377 958 territoriis
397 915 493 976 regno
516 896 687 958 immediate
709 895 851 956 subieotn's
871 895 1017 975 perpetuo
1039 893 1123 954 ouria
1144 893 1229 953 iuris

39 999 220 1060 'diotionem
241 1000 409 1062 exeroehat
453 1000 541 1071 Quae
568 1000 596 1060 si
625 998 801 1077 diligentius
822 1000 1012 1078 reputantur,
1039 997 1148 1056 mirum
1169 1014 1231 1055 non

66 1103 226 1178 ridebitur,
256 1104 337 1182 qnod
362 1103 506 1164 iudioium
534 1103 635 1163 euriae
662 1102 813 1162 interdum
841 1101 972 1181 negotiis
1000 1101 1138 1161 obrutum
1165 1099 1230 1172 fuit,

67 1207 142 1284 quod
160 1225 249 1284 reges
272 1208 362 1267 etiam
379 1208 469 1285 atque
483 1206 574 1266 etiam
595 1205 805 1285 promiserunt,
827 1223 861 1265 se
882 1205 959 1267 illud
979 1205 1171 1264 restituturos
1181 1201 1230 1279 ⁷²),

67 1310 143 1386 quod
163 1309 301 1388 ,deniqne
330 1311 426 1370 status
455 1309 573 1390 imperii
600 1309 708 1368 iterum
731 1310 822 1388 atque
843 1308 952 1368 iterum
974 1306 1105 1387 supremi
1128 1306 1231 1366 iudicii

66 1412 291 1488 institutionem,
314 1413 395 1491 quod
405 1415 549 1492 perpetuo
569 1413 675 1473 eodem
692 1413 759 1473 looo
780 1411 948 1486 haberetur,
966 1411 1166 1490 postularunt,
1184 1409 1233 1469 oui

21 1520 26 1549 1'
67 1515 184 1576 tandem
198 1517 346 1577 desiderio
358 1515 586 1576 Maximilianus
598 1515 622 1576 Ι.
639 1515 827 1595 gravissimis
847 1515 946 1575 oausis
963 1516 1116 1594 permotus
1140 1516 1233 1589 &ooo

68 1621 257 1702 beooepliolten
277 1623 453 1702 putoden‘t
477 1619 629 1680 satisfecit.
1130 1623 1138 1629 “

608 1879 636 1958 o.
660 1879 688 1942 3.

150 2031 216 2092 Iam
242 2051 334 2113 supra
354 2033 667 2109 commemoravimus,
695 2031 887 2093 iustitian'nm
909 2031 1024 2105 euriae,
1053 2050 1126 2108 rege
1149 2032 1236 2089 extra

62 2133 139 2214 ‘fines
162 2135 280 2217 imperii
301 2139 451 2211 morante,
475 2135 573 2196 offioio
596 2156 650 2198 suo
673 2136 760 2214 fungi
781 2153 842 2195 non
862 2134 1012 2214 potuisse,
1035 2133 1116 2213 quod
1138 2153 1178 2193 ex
1200 2151 1237 2193 ea

70 2239 221 2313 sententie,
243 2259 334 2318 quam
355 2257 410 2300 nos
431 2239 598 2315 statuimus,
619 2239 805 2313 iustitiarius,
826 2258 946 2318 semper
966 2231 1079 2298 ouri‘ern
1097 2255 1236 2316 sequens,

71 2340 98 2398 in
125 2360 163 2402 ea
187 2343 304 2403 tantum
331 2342 475 2403 iudioimn
500 2343 611 2403 habere
640 2343 743 2422 potuit.
789 2342 889 2413 Quam
921 2342 1101 2401 sententiam
1133 2357 1238 2400 veram

73 2463 149 2520 esse,
173 2465 265 2525 quum
285 2445 346 2506 iam
368 2465 409 2506 ex
425 2445 499 2526 ipsis
516 2445 737 2506 eonstitutionis
757 2445 873 2505 verbis:
894 2448 954 2520 „ut
975 2444 1082 2504 ouria
1103 2444 1239 2503 nostra

73 2547 259 2609 iustitierium
293 2550 528 2624 habeat‘sstnm
565 2569 604 2610 ex
632 2549 701 2610 aliis
723 2548 802 2627 legis
824 2547 992 2628 praeceptis
1012 2548 1117 2608 elucet
1162 2545 1239 2606 Inde

74 2653 148 2712 enim
171 2651 253 2731 qnod
274 2653 427 2713 statuitur:
450 2653 525 2729 „hio
545 2653 639 2715 iudex
660 2652 804 2722 terminos
827 2651 893 2737 sive
914 2651 1031 2711 diesin
1052 2649 1115 2710 illis
1137 2648 1239 2709 arduis

74 2756 166 2816 oensis
189 2757 352 2816 eorundem
380 2775 439 2836 qne
459 2758 499 2816 ad
516 2753 614 2838 ipsum
635 2757 786 2836 speetent,
815 2774 876 2815 non
897 2753 1027 2834 prefiget
1048 2753 1114 2812 sine
1135 2755 1238 2813 nostro

74 2859 193 2937 speciali
214 2859 372 2919 mandato“
395 2861 527 2941 apparet,
549 2879 641 2940 quum
662 2851 823 2919 institiario
845 2858 1020 2938 priusquam
1035 2856 1068 2917 in
1085 2855 1122 2917 iis
1140 2855 1240 2916 causis

16 2971 17 2976 ’
74 2964 173 3040 ageret
195 2963 234 3022 ad
255 2981 359 3040 regem
380 2963 570 3023 referendum
595 2964 689 3038 esset,
720 2963 878 3040 utrumque
906 2947 1012 3020 eodem
1034 2961 1101 3021 loeo
1123 2959 1240 3020 versari

73 3064 306 3140 neoessefuisse,
328 3066 417 3146 quod
439 3067 498 3127 nisi
520 3067 563 3127 ita
582 3085 616 3126 se
637 3064 750 3140 habuit,
773 3064 1045 3127 oontroversiarum
1067 3062 1240 3124 diiudicatio

75 3177 173 3229 eontra
202 3187 321 3257 omnem
346 3169 425 3248 legis
451 3170 599 3230 rationem
627 3171 658 3229 et
679 3168 839 3251 eonsilium
860 3167 892 3227 in
913 3167 1035 3228 modum
1055 3167 1112 3228 vix
1132 3169 1242 3228 tolera

73 3271 162 3332 bilem
189 3271 284 3332 dilata
310 3272 424 3332 fuisset
468 3273 585 3334 Deinde
607 3271 785 3332 iustitiarins
810 3271 986 3347 „notarium
1007 3271 1170 3351 specialem
1190 3271 1242 3330 ha

74 3373 166 3434 bere“
187 3375 317 3448 iubetur,
341 3376 389 3436 oui
412 3375 472 3437 alio
495 3377 561 3436 loeo
576 3373 771 3456 praecipitur:
793 3373 903 3449 „Idem
922 3374 1034 3434 soribet
1056 3391 1159 3434 omnes
1175 3393 1241 3433 sen-

74 3478 184 3538 tencias
213 3496 313 3538 ooram
345 3479 432 3538 nobis
466 3479 548 3558 (ipso
571 3483 661 3558 rege)
695 3477 727 3537 in
754 3476 918 3537 maioribus
947 3476 1046 3536 oensis
1074 3477 1242 3537 inventes.“

76 3579 189 3650 Quodsi
210 3583 335 3656 constat,
357 3581 548 3642 notarium
571 3583 672 3642 euriae
692 3599 796 3658 regem
817 3598 936 3659 semper
956 3578 1043 3659 sequi
1065 3580 1242 3660 oportuisse,

75 3683 137 3743 fieri
158 3703 219 3744 non
240 3685 346 3764 potuit,
366 3686 400 3744 ut
421 3685 677 3766 iustitiarius,
701 3683 787 3745 ouius
801 3683 835 3743 in
851 3702 940 3744 usum
950 3683 1139 3763 potissimum
1160 3685 1243 3743 nota

76 3787 135 3848 rius
157 3789 324 3848 destinatus
354 3777 433 3860 erat,
461 3788 525 3848 ullo
547 3788 608 3848 alio
631 3789 699 3848 looo
721 3786 781 3848 nisi
802 3786 835 3846 in
857 3787 941 3848 ouria
960 3788 1044 3865 regis
1065 3787 1165 3848 offioio
1187 3805 1242 3846 suo

76 3890 255 3969 fungeretur.
301 3890 391 3961 Quod
408 3891 497 3951 etiam
520 3891 622 3951 iudioii
645 3891 771 3950 historia
792 3889 993 3965 ooniirrnatnr,
1016 3907 1139 3970 exque
1160 3890 1243 3950 iusti-

161 4137 212 4209 71)
246 4137 284 4194 K.
306 4135 340 4190 G.
364 4137 396 4192 O.
419 4136 677 4208 a,14951v§§,28‚
700 4139 749 4196 30.

161 4223 212 4291 72)
248 4223 441 4294 Sigismundus
463 4239 551 4278 rena
586 4223 683 4282 1429:
713 4223 901 4278 Eberhard
923 4222 1104 4276 Windeok
1126 4240 1150 4276 o.
1174 4222 1244 4289 169,

78 4312 216 4378 p12203
239 4309 399 4366 Friderious
414 4310 465 4364 ΙΙΙ.
489 4327 513 4364 a.
527 4310 619 4383 1490,
644 4309 701 4366 912
722 4304 877 4380 Harpp'r.
899 4310 927 4377 I,
950 4311 1022 4378 anty
1037 4311 1119 4363 arkd.
1140 4328 1181 4364 nr.
1195 4310 1245 4367 64.

80 4397 130 4464 (35,
151 4397 264 4467 pato,
445 4455 447 4462 ,
1014 4428 1016 4432 ,
