3000 5084
641 437 688 503 ⁶17
773 415 779 424 ’

80 625 125 690 At
147 628 319 690 Fridericua
341 625 383 690 11.
406 629 497 708 paulo
525 631 594 709 post
621 630 653 689 in
681 628 803 690 Italiam
830 629 933 701 rediit,
960 646 1150 690 successores
1177 629 1251 704 eius,

82 733 118 791 ut
146 722 232 810 leges
262 715 300 814 de
327 751 403 812 paca
430 731 552 812 publica
571 732 717 811 religiose
745 733 991 807 observarentur,
1019 731 1173 812 perficere·
1190 727 1253 794 non

81 836 247 914 potuerunt
261 833 317 924 Ψ),
346 835 513 914 interregni
534 836 663 915 danique
684 837 819 917 tempore
836 835 1033 916 reipublicae
1053 837 1166 912 motus,
1195 835 1252 895 die

83 938 205 998 cordiae
227 938 395 1014 intestinae,
418 938 524 998 turbae
544 921 751 1018 tumultusque
773 958 892 1000 omnem
913 938 1034 999 modurn
1057 939 1252 1013 excedebant,
1283 1006 1287 1013 ⁴

82 1041 127 1101 ita
148 1043 182 1100 ut
202 1041 305 1101 mirari
327 1059 388 1102 non
405 1041 562 1121 possimus,
577 1043 665 1121 'quod
680 1022 781 1121 neque
799 1043 852 1102 lex
863 1041 1044 1120 Mogontina
1060 1044 1161 1120 neque
1174 1041 1254 1102 aliae

84 1127 321 1204 constitutiones
336 1145 419 1224 pacis
441 1145 584 1224 prodesse
606 1148 753 1226 poterant,
775 1146 810 1205 ut
829 1145 953 1205 crimina
969 1151 999 1204 et
1015 1145 1102 1205 rixae
1112 1145 1254 1209 tolleren-

84 1249 142 1307 tur.
173 1246 276 1333 ‘Unda
298 1248 409 1320 sactum
431 1250 485 1324 cst,
506 1250 541 1320 ut
561 1267 619 1308 nec
640 1250 740 1309 cetera
768 1248 847 1327 legis
870 1247 1069 1326 Moguntinae
1094 1250 1255 1328 praecepta

84 1369 143 1411 nec
166 1344 396 1411 'iustitiariorum
423 1351 525 1412 curiae
545 1351 708 1428 institutio,
738 1352 776 1413 da
804 1370 865 1430 qua
892 1369 973 1411 nuuc
992 1349 1093 1430 'agere
1121 1351 1195 1411 mihi
1222 1351 1255 1410 in

85 1453 186 1514 animo
210 1456 271 1529 eat,
294 1473 335 1516 ax
358 1473 402 1530 aa,
425 1473 486 1534 qna
507 1455 688 1531 terebantur,
710 1449 861 1522 a'ententia
882 1454 1046 1515 evenirent.
1223 1456 1227 1464 '

87 1735 163 1805 paci·
180 1735 305 1789 eiusdem
331 1735 440 1806 imperii
467 1735 556 1806 pubis
585 1735 793 1791 calamitatibus
806 1741 845 1790 'et
866 1734 1098 1804 tributationibua
1125 1734 1256 1798 diuturne

87 1821 254 1892 tyrannidis,
278 1838 332 1891 que
353 1811 500 1892 prevaluit,
524 1827 553 1875 et
573 1811 692 1876 invaluit
708 1826 902 1898 prepotenter,
925 1821 1059 1891 deinceps
1077 1821 1194 1876 salutari
1214 1837 1257 1876 re-

87 1907 180 1961 medio
202 1906 361 1982 providere,
385 1925 464 1984 ecoe,
488 1909 790 1978 quod-'curiam—
804 1907 931 1962 duximus
953 1907 1130 1976 edicendam,
1152 1907 1202 1961 nbi
1222 1907 1257 1961 de
1364 1917 1368 1924 '

88 1979 287 2066 reformatione¹
303 1985 421 2064 collapsi
439 1999 528 2066 status
546 1993 707 2064 imperii-
726 1993 897 2048 intendimus
909 2024 950 2032 —
961 1992 1067 2048 habere
1078 1992 1258 2062 tractatum,“

88 2084 120 2144 et
137 2079 252 2144 Rudolfi
274 2080 341 2150 dipl.
353 2097 378 2134 a.
393 2067 490 2138 1284:
512 2081 641 2149 „Noscat
662 2085 761 2134 vestra·
776 2079 907 2148 fidelitas,
929 2080 1005 2150 quod
1026 2096 1078 2134 nos
1100 2080 1136 2133 de
1155 2079 1259 2150 princi·
1370 2118 1374 2129 ,

87 2183 156 2236 pum
178 2170 207 2219 et
234 2165 358 2222 fidelium
383 2171 541 2222 nonnarum
570 2164 687 2222 consilio
716 2166 904 2237 sollempnem.
927 2166 1033 2221 curiam
1059 2165 1260 2222 celebrandam

89 2253 166 2322 apud
187 2251 349 2324 Nurinberg
378 2254 505 2308 duximus
534 2251 722 2328 revocandam
750 2257 779 2306 et
798 2252 960 2325 generalem
981 2253 1133 2311 exercitum
1153 2252 1259 2307 instau·
1359 2256 1362 2260 “

89 2338 223 2408 nandum,
246 2339 456 2418 considerantes
477 2340 541 2394 hoc
564 2339 679 2410 magis
702 2337 966 2408 obs'ervacioni
988 2338 1176 2410 generalis
1196 2355 1259 2408 pa-

90 2415 148 2478 cii'
165 2421 477 2494 proficere‘quam
507 2425 643 2480 curiam
665 2425 943 2494 supradictam.“
987 2423 1106 2496 (Perta
1128 2425 1179 2493 Π-,-
1195 2425 1259 2486 440

9 2497 13 2506 ’
90 2506 153 2582 45.)
199 2509 255 2564 cn,
277 2511 428 2564 Merkel:
451 2512 571 2581 aarep..
588 2510 632 2565 ar.
656 2529 683 2580 p.
698 2511 736 2568 18
759 2511 789 2564 in
810 2509 875 2565 fine.

123 2594 127 2602 ’
179 2593 232 2668 31)
265 2597 1010 2669 Boebmer:reg;ada.1‘237eteinltp.p.XXlI.
1053 2596 1260 2651 Indeabanno

92 2683 175 2746 1232
188 2683 348 2741 Fridericus
362 2683 393 2738 in
410 2682 589 2740 Germaniam
603 2700 668 2737 non
689 2681 781 2759 rediit
825 2683 917 2761 Regni
937 2683 1117 2738 moderamen
1128 2681 1259 2738 Conrado

89 2767 149 2824 filio
179 2769 353 2824 commissum
382 2775 457 2839 erat,
487 2770 548 2842 qui,
579 2788 604 2826 a.
624 2769 706 2828 1237
736 2785 786 2825 rex
802 2768 934 2836 electus,
954 2768 1075 2838 primum
1097 2768 1149 2842 sab
1170 2768 1261 2824 tutela

91 2853 208 2926 Sigfridi
230 2855 436 2930 archiepiscopi
457 2856 618 2928 Moguntini
640 2861 669 2908 et
688 2854 806 2921 Henrici
828 2854 982 2924 Responis,
1005 2854 1162 2926 landgravii
1185 2854 1261 2907 Thu·

90 2941 212 3012 ringiae,
235 2941 300 2995 inde
323 2958 389 2995 vero
413 2942 449 2996 ab
473 2960 497 2996 a.
508 2943 609 3010 1242,
637 2942 723 3011 plena
744 2945 899 3010 potestate,
928 2939 1062 2994 adhibitis
1085 2940 1260 3009 consiliariis,
1353 2977 1355 2981 .

91 3025 271 3082 Germaniam
299 3027 489 3099 gubcmavit·
520 3026 666 3082 Gouradus
694 3043 795 3080 novem
822 3031 932 3081 tantum
959 3043 1049 3080 annos
1077 3032 1161 3081 natus
1192 3031 1260 3096 erat,

91 3128 176 3183 quum
199 3115 236 3168 ad
258 3105 393 3186 summurn
415 3114 561 3184 imperium
582 3115 731 3168 accederet
752 3112 822 3184 (reg.
844 3113 935 3182 civiqu.
956 3132 984 3183 p.
996 3109 1087 3185 LXI.)
1115 3118 1144 3167 et
1166 3130 1261 3182 quam·
1302 3180 1308 3188 ἢ

36 3209 38 3214 ·
89 3199 132 3255 vis
159 3199 273 3264 Herm,
297 3199 400 3256 alth.
417 3187 487 3272 '(ad.
516 3196 658 3271 a1254)
688 3204 804 3262 anctore
831 3199 936 3278 „homo
963 3198 1099 3270 pacificus
1127 3205 1157 3253 et
1177 3199 1261 3254 iudex
1356 3196 1360 3202 ’

90 3287 228 3339 severus“
257 3291 356 3354 esset,¹
379 3291 473 3354 tamen
500 3286 668 3341 turbulentia
702 3285 737 3340 iis
765 3284 938 3356 temporibus
963 3291 1090 3356 potestas
1118 3286 1178 3342 eiua
1203 3302 1261 3340 non

6 3391 7 3396 ¹
91 3371 213 3446 suffecit,
237 3359 267 3426 ut
282 3372 544 3462 ubiqueiustitiam
561 3377 675 3426 strenue
690 3371 898 3432 administraret
916 3376 944 3425 et
959 3374 1064 3442 pacem
1072 3369 1258 3428 conservaret.
1301 3384 1304 3388 ·
