3000 5084
1316 352 1422 412 101

184 542 277 602 de
315 541 531 602 iudicio
580 541 783 602 curiae
835 561 915 601 ex
937 540 1179 619 Alberti
1221 545 1491 619 tempore
1537 556 1728 619 pauca
1756 522 2001 598 'tantum
2037 539 2256 598 tradita
2306 541 2448 597 su'nt
2477 539 2538 614 6).

190 641 467 701 Duorum
497 661 643 701 vero
666 644 1117 704 iustitiariorum
1138 643 1381 702 nomina
1410 642 1734 703 memoriae
1758 640 1994 721 prodita
2019 643 2183 701 sunt:
2218 640 2329 700 Ru
2349 641 2387 700 d
2403 660 2435 700 ο
2452 642 2471 700 l
2487 641 2540 700 fi

191 744 287 803 de
319 742 583 804 Hewin
630 751 697 808 et
731 728 1615 808 Godofredi‘comitisde
1649 743 2124 805 Hohenlohe.
2214 743 2336 804 Hic
2383 743 2541 802 enim

190 866 245 906 a.
293 847 473 922 1303,
519 869 701 926 quum
742 851 908 929 regis
945 851 1078 911 vice
1113 849 1314 909 curiae
1350 850 1683 929 praeesset,
1725 847 2541 928 pronuntiavit,.Diepoldum

189 951 494 1028 quendam
548 952 624 1012 de
679 954 1037 1014 Bernhusen
1081 952 1430 1013 Eberhardo
1489 951 1688 1012 comiti
1731 949 2276 1028 Wirtembergensi
2329 950 2541 1010 villam

190 1054 493 1131 quandam
538 1054 599 1115 in
638 1055 859 1118 iudicio
882 1058 1220 1130 tradidisse,
1270 1074 1450 1134 quam
1471 1055 1854 1114 traditionem
1879 1053 2254 1113 confirmavit
2282 1052 2347 1130 7).
2414 1052 2538 1111 Ru-

192 1157 396 1216 dolfus
426 1176 573 1216 vero
610 1158 685 1217 de
707 1154 948 1231 Hewin,
992 1157 1179 1218 iudex
1214 1159 1433 1232 curiae,
1467 1155 1847 1219 Gerhardum
1880 1157 2158 1217 comitem
2194 1155 2536 1228 Holsatiae,

192 1259 292 1318 cui
336 1260 502 1320 cives
536 1259 964 1320 Lubeccenses
1009 1260 1167 1320 diem
1208 1261 1572 1337 indixerant,
1619 1281 1669 1322 a.
1714 1260 1876 1324 1308
1921 1261 1984 1345 in
2030 1260 2198 1338 regis
2244 1259 2533 1318 iudicium

193 1363 404 1423 citavit
439 1362 504 1439 ⁸).
573 1362 702 1423 Nec
760 1382 907 1424 vero
953 1381 1194 1424 causam
1237 1366 1432 1445 ipsam
1477 1383 1677 1424 coram
1722 1364 1988 1424 Rudolfo
2035 1363 2350 1422 tractatam
2394 1382 2534 1422 esse

196 1466 531 1525 verisimile
590 1468 710 1541 est,
770 1485 955 1544 quum
1006 1469 1211 1546 partes
1267 1468 1330 1528 in
1388 1468 1547 1528 diem
1596 1467 1691 1530 10.
1751 1486 1825 1526 m.
1874 1466 2032 1526 Iunii
2079 1466 2351 1526 eiusdem
2394 1467 2535 1526 anni

192 1572 513 1650 („m0nta9
551 1572 704 1633 nach
737 1572 847 1632 der
858 1571 1372 1653 psinqstoctavffl)
1414 1571 1630 1631 citatae
1658 1572 1883 1645 essent,
1928 1589 2046 1648 quo
2075 1571 2344 1651 tempore
2367 1569 2536 1629 iusti-

188 1673 353 1732 tiarii
398 1692 634 1745 munus,
679 1673 813 1752 ipso
856 1693 1004 1751 rege
1046 1673 1166 1733 iam
1208 1674 1262 1733 d.
1303 1676 1353 1737 1.
1380 1694 1453 1734 m.
1481 1674 1630 1734 Maii
1674 1693 1862 1754 prope
1907 1672 2312 1751 Koenigsfeld
2353 1672 2533 1732 inter-

192 1777 351 1835 fecto
384 1776 451 1852 9),
506 1776 898 1856 proculdubio
957 1777 1289 1837 extinctum
1345 1780 1490 1839 erat.
1580 1776 1711 1837 Nec
1765 1795 1910 1837 vero
1955 1776 2247 1837 Albertus
2288 1777 2426 1855 ipse
2470 1775 2534 1834 in

186 1879 457 1941 diversis
512 1879 747 1958 imperii
802 1879 1147 1940 civitatibus
1191 1880 1285 1940 ius
1331 1881 1531 1940 dicere
1576 1880 1780 1940 omisit
1814 1879 1911 1956 ¹⁰),
1959 1879 2068 1939 sed
2110 1881 2343 1939 tantum
2386 1881 2533 1938 tem-

184 1981 358 2061 poris
381 1981 775 2061 laborumque
806 1982 1015 2042 litibus
1044 1983 1398 2044 dirimendis
1420 1983 1729 2064 impendit,
1762 1984 1830 2042 ut
1851 1979 2195 2043 civitatibus
2218 1981 2533 2042 Rhenanis

183 2085 355 2144 haud
406 2085 699 2149 immerIto
754 2085 1017 2146 scribere
1072 2088 1284 2167 posset
1322 2087 1429 2163 11);
1496 2085 1662 2162 „Nos
1719 2084 1966 2166 pacifico
2022 2085 2204 2146 statui
2255 2093 2314 2146 et
2373 2088 2531 2146 tran-

183 2297 491 2365 Niirnberq
503 2337 518 2366 ‚
564 2299 701 2351 daos
740 2315 802 2352 er
843 2299 1144 2371 marechall
1187 2300 1454 2363 Heinrich
1495 2317 1603 2353 von
1647 2299 2018 2370 Pappcnheim
2059 2299 2176 2363 auf
2207 2299 2351 2366 „qv-af
2388 2297 2529 2352 Geb-

181 2384 363 2436 hards
385 2402 492 2437 von
514 2385 846 2452 Hirechhery
886 2393 985 2453 ,qut
1026 2386 1284 2438 eineetzen
1325 2383 1510 2439 solle.“
1597 2382 1948 2455 Argumenta
1989 2401 2105 2438 non
2150 2383 2344 2438 addita
2384 2383 2528 2442 sunt.

369 2466 428 2540 6)
496 2469 622 2524 Hoc
669 2486 736 2524 eo
783 2470 1174 2539 explicandum
1218 2475 1330 2538 est,
1378 2471 1530 2540 quod
1573 2469 1798 2524 Alberti
1838 2484 2074 2542 regnum
2117 2469 2529 2524 turbulentissi-

182 2573 340 2608 mum
384 2560 522 2609 erat.
610 2555 677 2609 A.
705 2557 869 2612 1399
918 2573 1015 2612 rex
1057 2557 1163 2610 iter
1204 2557 1263 2610 in
1311 2554 1557 2610 Galliam
1599 2557 1762 2625 fecit,
1809 2575 1857 2611 a.
1903 2557 2068 2614 1300
2114 2574 2239 2610 cum
2284 2557 2529 2610 exercitu

181 2641 250 2694 in
293 2639 659 2696 Hollandiam
702 2643 991 2712 profectus
1038 2646 1149 2708 est,
1190 2661 1240 2696 a.
1272 2644 1432 2700 1301
1484 2648 1542 2696 et
1589 2644 1624 2698 2
1672 2643 1882 2696 bellum
1928 2642 2106 2713 gessit
2148 2660 2274 2696 cum
2317 2642 2529 2697 archie-

181 2727 441 2797 piscopis
486 2728 668 2799 Mog.,
716 2727 833 2782 Col.
881 2733 937 2782 et
981 2729 1193 2783 Trevir.
1241 2734 1298 2782 et
1342 2729 1542 2783 comite
1587 2728 1876 2795 Palatin0,
1921 2746 1969 2782 a.
1999 2728 2167 2786 1304
2188 2728 2528 2782 Wenceslao

185 2812 499 2867 Bohemiae
544 2815 665 2885 regi
712 2814 920 2869 bellum
966 2815 1179 2883 intulit,
1226 2833 1279 2870 a.
1318 2814 1481 2872 1305
1531 2832 1655 2869 cum
1678 2814 2008 2870 Eberhardo
2045 2814 2246 2869 comite
2269 2813 2528 2868 Wirtem-

180 2900 461 2970 bergensi
503 2900 813 2968 dimicavit,
859 2918 909 2954 a.
939 2902 1102 2961 1306
1150 2903 1335 2955 denuo
1365 2901 1689 2956 Bohemiam
1726 2901 1962 2967 invasit,
2007 2917 2057 2955 a.
2087 2901 2250 2958 1307
2296 2899 2354 2954 in
2379 2901 2528 2954 Thu-

179 2986 371 3056 ringia
416 2991 471 3038 et
514 2986 785 3043 Bohemia
830 2987 1039 3041 bellum
1082 2988 1273 3058 gessit.
1366 2986 1476 3041 cfr.
1535 2986 2024 3056 Lichnowsky
2076 2987 2157 3054 ΙΙ,
2220 3005 2265 3040 c.
2300 2988 2338 3044 4
2384 2992 2442 3040 et
2488 2988 2524 3043 5

180 3077 244 3141 et
287 3072 665 3126 Boehmer:
712 3091 828 3142 reg.
873 3073 1041 3127 variis
1085 3074 1241 3128 locis.

366 3159 424 3227 7)
493 3161 633 3226 „Ich
680 3157 966 3226 Gotfrz‘t
1007 3179 1136 3215 von
1178 3161 1555 3214 Brunca-ke
1596 3179 1690 3214 aaz
1733 3178 1796 3216 ze
1839 3162 2073 3231 gerichte
2110 3179 2183 3214 an
2204 3161 2344 3213 mins
2366 3161 2530 3214 heren

177 3253 297 3297 stat
338 3245 434 3297 des
478 3247 773 3298 romz'seken
816 3246 1041 3313 kuniycs
1063 3246 1401 3299 Albo-echtsf‘
1449 3243 1756 3315 (Mittwoch
1801 3267 1901 3302 vor
1945 3265 2110 3301 unser
2137 3249 2360 3311 frauen
2403 3255 2528 3314 tay.-

178 3328 502 3400 purificatio
526 3348 627 3385 seu
649 3331 893 3385 visitatio
916 3331 981 3384 B.
1008 3332 1081 3385 M.
1096 3332 1165 3388 V.
1180 3329 1261 3403 ‘?):
1307 3332 1612 3402 Harppr.
1637 3333 1680 3402 Ι,
1704 3352 1786 3386 nr.
1815 3335 1869 3400 4,
1891 3353 1947 3404 Ρ.
1976 3333 2087 3402 973
2123 3331 2159 3386 S
2179 3332 2527 3386 enckenb.

181 3418 257 3469 de
280 3416 395 3470 fab.
422 3417 531 3470 iud.
562 3418 701 3474 136.
791 3415 1176 3472 Godofredum
1223 3418 1293 3472 de
1322 3419 1385 3472 B.
1418 3434 1485 3476 ex
1531 3419 1791 3472 comitum
1836 3421 1907 3472 de
1936 3417 2271 3472 Hohenlohe
2316 3417 2530 3473 familia

179 3507 437 3556 exortum
495 3518 617 3556 esse
675 3495 870 3557 notum
914 3512 1030 3557 est:
1096 3505 1405 3574 Harppr.
1449 3505 1506 3571 1,
1549 3523 1604 3573 Ρ.
1642 3506 1751 3570 313
1797 3505 2174 3559 Boehmer:
2220 3504 2440 3558 Alberti
2483 3506 2527 3559 Ι.

177 3607 301 3658 reg.
348 3606 431 3641 nr.
470 3589 623 3657 554,
679 3607 735 3658 Ρ.
775 3591 919 3659 245,
1020 3588 1378 3643 Godofredus
1433 3590 1528 3643 ille
1585 3590 1644 3642 in
1700 3590 1922 3644 Alberti
1973 3591 2122 3659 regis
2181 3591 2529 3646 documentis

177 3674 410 3744 saepius
434 3675 752 3728 nominatur
781 3681 838 3728 et
866 3693 915 3730 a.
945 3677 1108 3733 1302
1156 3675 1537 3745 superarbiter
1580 3676 1866 3730 institutus
1913 3684 1999 3730 eat
2047 3680 2115 3730 :ul
2159 3696 2355 3732 transii-2
2387 3680 2528 3728 inlr-r

175 3777 373 3831 regem
419 3766 476 3813 et
508 3759 860 3814 Gerhardum
906 3760 1388 3832 archiepiscopum
1433 3762 1825 3832 Moguntinum
1872 3764 2239 3816 uenatu-imas:
2299 3764 2524 3816 lis-mh-

173 3863 351 3900 mer:
397 3848 680 3918 reg.377,
722 3866 777 3917 Ρ.
804 3848 958 3916 2283
1006 3848 1219 3901 Pertz
1266 3850 1353 3914 II,
1399 3849 1540 3904 477.

355 3930 415 4003 8)
484 3933 556 3986 D.
584 3934 634 3986 d.
658 3934 1014 3988 Francofurti
1058 3936 1154 3990 21.
1178 3951 1248 3987 m.
1272 3935 1439 3988 Febr.
1470 3935 1666 3992 1308:
1714 3937 1808 3989 Bo
1829 3936 1979 3989 ehm
1999 3956 2023 3984 ιἸ
2047 3956 2095 3988 1³:
2147 3956 2259 4000 rcssf.
2311 3940 2520 3988 i*ae¹s‘r·fr.=.·.=.·.

177 4038 265 4071 nr.
292 4019 447 4087 439,
491 4039 545 4089 p.
572 4021 700 4076 424
744 4037 811 4073 ex
856 4022 1136 4074 Lv‘lhecker
1182 4021 1607 4075 urkundenbuch
1654 4024 1736 4091 II,
1790 4023 1927 4079 195.

353 4102 411 4173 9)
480 4104 703 4160 Alberti
746 4107 789 4160 I.
836 4122 951 4176 reg.
995 4125 1050 4175 p.
1078 4107 1219 4163 251.

309 4189 410 4260 10)
480 4190 804 4246 Sententiae
843 4208 1031 4246 coram
1068 4191 1305 4246 Alberto
1346 4200 1634 4263 repertae:
1682 4194 1890 4248 Pertz
1934 4196 2015 4248 ,ΙΙ.
2079 4196 2219 4248 411..
2271 4196 2363 4248 T-j.
2411 4200 2520 4260 iffi}

167 4285 375 4347 regest.
427 4297 505 4331 nr.
537 4279 674 4346 148,
722 4278 819 4344 75,
865 4279 1006 4345 299,
1054 4279 1179 4336 544
1226 4283 1283 4332 et
1328 4279 1568 4348 saepius.

312 4360 413 4432 11)
482 4364 699 4419 Pertz
745 4365 825 4431 Π,
872 4365 1011 4421 474.
