3000 5084
818 378 839 418 1

723 443 931 454 ———

243 561 392 624 qusquam
408 543 566 606 sufficiunt
607 545 669 618 Qui
691 545 772 606 enim
793 546 826 605 id
847 545 1037 626 potissimum
1059 543 1261 624 spectarunt,
1284 542 1322 618 ut
1337 533 1430 597 iudicii

244 682 418 726 camerae
439 663 507 744 imp.
531 665 664 744 vestigia
685 685 784 746 usque
804 666 844 726 ad
865 664 1076 744 antiquissima
1098 666 1253 743 tempora
1274 672 1432 741 peraeque

243 787 347 844 rentur
376 787 466 864 atque
488 803 580 864 quum
601 785 679 846 illud
700 785 739 846 ad
760 785 865 846 iudicii
887 785 989 846 curiae
1010 785 1116 864 regiae
1138 781 1339 863 exemplum
1358 771 1434 836 insti·

243 907 340 964 tutum
368 923 435 966 esse
463 905 696 980 arbitrarentur,
724 924 829 966 eorum
856 905 1001 981 interfuit,
1027 908 1063 966 ut
1089 905 1301 974 documenta,
1324 899 1365 958 in⁴
1379 892 1435 972 qui·
1491 906 1492 924 ¹

244 1023 301 1084 bus
319 1025 357 1086 de
373 1023 602 1086 iustitiariorem
620 1024 716 1104 gestis
734 1026 844 1104 agitur,
866 1029 1013 1105 quantum
1032 1025 1099 1086 fieri
1115 1023 1226 1111 potuit
1240 1013 1434 1097 colligerent·

244 1143 570 1225 ItequeHurpprechtii
585 1143 664 1219 libri,
678 1145 782 1206 multis
794 1144 982 1226 expertibus
993 1145 1151 1226 praeclari,
1162 1143 1283 1205 tome
1296 1150 1436 1216 magnum

244 1281 401 1324 numerum
418 1263 633 1324 sententiarum
650 1263 751 1326 curiae
767 1265 871 1325 iudicii
887 1265 1029 1342 continet,
1050 1264 1228 1345 exquibus
1249 1262 1341 1322 sicut
1355 1256 1437 1323 etim

241 1403 286 1444 ex
310 1383 379 1444 eliis
397 1381 584 1444 documentis
602 1387 706 1446 auctor
723 1383 832 1445 seriem
849 1385 1079 1446 iustitiariorum
1093 1384 1366 1462 chronologicam
1386 1376 1437 1432 stt

244 1501 311 1580 tuit,
337 1501 450 1586 passim
472 1501 551 1564 notis
571 1501 611 1563 ad
627 1501 795 1564 litterarum
805 1483 1008 1580 monumenta,
1030 1503 1221 1585 quaeaffert,
1248 1493 1439 1564 illustranda

246 1621 379 1684 adiectis.
424 1621 588 1684 Necminus
610 1622 642 1684 in
664 1621 778 1684 Blumii
799 1625 887 1700 libro,
909 1625 961 1704 qui
983 1626 1067 1685 solus
1088 1623 1240 1699 iudicium
1267 1621 1392 1692 curiae,
1410 1613 1439 1671 ul

247 1741 527 1804 commentationem
549 1743 735 1823 singularem
757 1741 795 1804 de
810 1741 854 1806 'eo
876 1744 1029 1820 scriberet,
1051 1745 1178 1824 dignum
1198 1742 1334 1817 habuit,
1365 1749 1439 1815 qnae

247 1863 285 1926 de
308 1863 378 1924 fatis
401 1863 502 1926 euriae
524 1862 688 1944 imperialis
710 1863 896 1940 referentem,
924 1865 1032 1925 summi
1052 1863 1197 1925 momenti
1221 1864 1317 1938 sunt,
1349 1869 1440 1937 quum

248 2001 292 2060 ca,
314 2000 392 2063 quae
414 1983 463 2044 bio
477 1983 588 2062 aliique
605 1983 767 2063 scriptores
788 1981 827 2044 de
840 1982 1046 2044 iurisdictione
1068 1986 1099 2044 et
1119 1986 1280 2064 potestate
1305 1973 1440 2042 iustitie

246 2103 359 2164 riorum
381 2105 472 2182 atque
494 2101 532 2163 ds
554 2101 642 2162 modo
666 2121 767 2163 coram
788 2104 827 2163 iis
847 2104 1031 2185 procedendi
1053 2107 1305 2180 commemorant,
1330 2079 1440 2161 multis

247 2242 288 2285 ex
305 2221 441 2304 partibus
454 2221 640 2298 dubitationi,
661 2223 888 2303 supplementis,
906 2223 1109 2284 emendationi
1124 2225 1224 2284 locum
1239 2216 1440 2301 relinquant

334 2343 422 2414 Quae
439 2361 531 2422 quum
549 2341 592 2403 ita
605 2341 673 2418 sint,
691 2361 753 2403 non
772 2344 905 2405 alienum
923 2343 1012 2404 nobis
1028 2344 1196 2418 videbatur,
1216 2339 1384 2405 Friderici
1400 2333 1439 2396 Π

247 2463 285 2526 de
314 2462 473 2554 iustitiario
496 2463 597 2526 curiae
615 2463 860 2524 constitutionem
887 2465 986 2524 denuo
1009 2466 1200 2544 pertractare,
1224 2459 1439 2529 documenta»

248 2602 326 2666 quae
354 2585 393 2648 ad
420 2585 485 2646 eius
511 2582 641 2646 officium
669 2585 821 2666 spectent,
849 2585 1010 2664 colligere,
1036 2584 1315 2646 rationemooram
1346 2576 1440 2644 iusti·

245 2705 335 2788 tiario
357 2707 475 2785 egendi,
498 2706 598 2786 quoad
619 2705 684 2767 fieri
705 2706 810 2787 potuit,
834 2698 996 2786 exponere,
1023 2704 1179 2765 historiam
1201 2725 1307 2766 eorum
1331 2715 1441 2780 usque

248 2827 286 2888 ae
314 2826 427 2888 nme
444 2845 581 2888 camerae
609 2827 775 2908 imperialis
795 2827 1014 2889 insecutionem
1035 2799 1184 2900 enarrare,
1204 2861 1244 2872 -
1276 2819 1440 2911 respectis

248 2948 361 3027 ubique
382 2947 583 3010 recentiorum
604 2948 758 3009 hominum
781 2949 898 3010 studiis.
987 2961 990 2966 ’

334 3067 436 3130 Primo
455 3069 549 3148 igitur
570 3069 667 3149 capite
689 3039 856 3149 generatim
876 3073 967 3150 atque
979 3070 1130 3130 ‘universe
1151 3068 1189 3127 de
1210 3067 1293 3145 regis
1311 3061 1437 3124 indicio

248 3195 281 3259 a
302 3192 340 3252 ee
362 3165 521 3253 emisseus
542 3177 693 3272 palatine,
716 3191 768 3270 qui
789 3192 821 3251 in
842 3191 911 3271 ipsa
930 3191 1014 3269 rege
1034 3190 1118 3250 <ena
1138 3188 1319 3260 ludebant,
1342 3185 1437 3244 locu-

248 3317 299 3381 tus
315 3333 390 3376 sum.
436 3309 530 3374 Cuius
552 3313 748 3392 magistratus
769 3313 802 3372 in
823 3313 930 3392 vicem,
953 3330 1045 3397 quum
1065 3311 1098 3371 in
1119 3307 1348 3368 desuetudinem
1373 3321 1434 3362 ve
1490 3307 1491 3311 ’

250 3437 359 3512 nisset,
387 3437 422 3498 ut
445 3453 543 3496 novus
569 3434 785 3520 institueretur,
816 3431 867 3511 qui
887 3431 972 3508 regis
992 3432 1059 3521 loco
1079 3434 1110 3488 et
1131 3427 1252 3486 nomine
1274 3424 1432 3495 omnibus,
1489 3458 1490 3471 κ

250 3557 302 3642 qui
324 3557 482 3640 petebant,
510 3557 543 3616 in
558 3555 649 3648 ‚curia
669 3554 718 3628 ius
741 3553 862 3628 diceret,
890 3551 985 3630 ipsius
1006 3550 1051 3609 rei
1073 3547 1237 3606 necessitas
1255 3543 1430 3622 flatigabat.

250 3789 389 3863 quitatum
410 3784 633 3859 germanicarum
656 3781 782 3841 fontibus
804 3781 972 3851 deprompta
990 3783 1020 3834 ct
1036 3771 1246 3847 comparatione
1265 3769 1340 3876 illiup
1358 3788 1425 3826 cum

250 3892 368 3950 consilio
398 3909 432 3949 ac
459 3869 577 3944 iudicio
592 3885 730 3957 imperiali
760 3884 853 3938 aulico
882 3885 911 3938 in
940 3896 1024 3937 usum
1045 3881 1208 3934 modernum
1230 3877 1418 3930 accomodata·

238 3991 357 4056 ‘luere
384 3994 508 4052 Henrico
539 3991 706 4046 Balthasare
727 3988 810 4042 Blum
838 3989 873 4041 de
896 3985 1021 4057 Kempis.
1046 3982 1196 4058 (F1·encof.'
1212 3981 1249 4035 ad
1271 3980 1307 4033 M.
1328 3974 1415 4040 1745,
1489 4042 1490 4049 ἵ

248 4105 269 4162 =1
283 4079 349 4157 em.
360 4098 401 4172 4).
418 4099 450 4155 e.
460 4101 483 4154 1.
503 4095 596 4169 antur
613 4096 648 4150 ee
659 4093 763 4148 iudicio
782 4092 877 4148 eneae
899 4092 929 4148 in
950 4086 1117 4158 universnm,
1140 4106 1164 4142 c.
1177 4087 1213 4140 11.
1237 4085 1273 4137 ee
1293 4077 1416 4151 personis

251 4205 347 4262 iudicii
375 4205 469 4263 curiae
497 4200 656 4272 imperialis,
679 4198 764 4254 e.Ill.
784 4202 813 4251 et
833 4196 882 4252 lv.
907 4197 942 4250 de
958 4193 1151 4249 iurisdictione
1174 4187 1268 4260 quoad
1286 4199 1418 4254 personas

253 4316 283 4366 et
299 4327 407 4379 causas,
426 4327 450 4365 c.
462 4308 498 4366 V.
512 4306 547 4362 de
568 4319 703 4376 processu
723 4303 780 4356 iud.
804 4318 861 4356 cur.
879 4301 948 4372 imp,
978 4318 1002 4354 c.
1013 4299 1060 4354 Vl.
1081 4299 1117 4352 de
1132 4293 1199 4350 faus
1216 4291 1234 4344 i.
1246 4306 1270 4343 c.
1284 4286 1311 4352 i,
1327 4286 1417 4341 evss.

253 4414 426 4487 comparatio
447 4431 510 4472 cum
532 4409 637 4468 iudicio
659 4407 767 4477 aulico,
790 4405 948 4478 appendix:
977 4403 1013 4458 de
1033 4401 1138 4456 iudicio
1159 4388 1330 4452 notwilenei.
